3096 3830
152 19 172 41 ἱ,
215 22 218 24 .

22 189 36 205 1

4 216 11 224 ι

1527 161 1566 221 2

260 329 466 391 propter
501 325 655 372 minus
691 328 832 370 recte
876 321 1182 371 intellectam
1234 323 1584 369 sententiarum
1629 323 2033 387 progressionem
2079 322 2192 370 sive
2240 329 2445 389 propter
2493 323 2835 372 auctoritatem

253 407 595 456 recentissimo
631 405 809 467 cuique
842 402 1008 453 codici
1043 403 1174 452 salso
1211 400 1460 462 tributam,
1498 402 1733 451 immerito
1769 405 2056 468 optimorum
2093 401 2286 452 illorum
2323 404 2550 455 codicum
2584 402 2738 452 lectio
2770 401 2833 450 ab

255 486 526 537 editoribus
576 485 771 548 rejecta
823 498 940 534 esse
977 483 1220 534 videatur.
1310 481 1436 530 lllos
1481 489 1643 531 autem
1690 485 1918 532 meliores
1953 482 2158 533 codices
2193 499 2336 548 quum
2373 484 2501 541 idem
2537 483 2832 547 Madvigius

256 566 483 616 docuerit
528 567 576 614 in
612 567 937 630 apertissimis
986 565 1129 612 etiam
1165 564 1300 613 vitiis
1336 564 1652 628 conspirare,
1721 568 1775 612 ut
1809 579 1875 612 ex
1910 579 2008 613 uno
2044 578 2204 628 eoque
2237 565 2348 629 ipso
2384 572 2620 630 corrupto
2656 578 2829 614 exem-

253 646 382 712 plari
438 644 719 712 archetypo
766 646 883 694 illos
926 644 1207 708 descriptos
1255 658 1371 692 esse
1424 651 1691 709 appareat,
1763 644 1867 692 fieri
1914 659 2009 692 non
2056 650 2251 709 potest,
2320 646 2435 708 quin
2486 647 2632 693 etiam
2683 644 2834 692 multa

254 728 552 789 conjectura
589 725 895 776 emendanda
939 723 1303 788 relinquantur,
1370 740 1522 787 quare
1557 740 1620 772 ne
1655 741 1745 772 nos
1783 724 1975 788 quidem
2015 741 2046 772 a
2083 727 2372 789 conjectura
2407 725 2555 790 plane
2592 732 2840 790 tempera-

256 825 439 856 vimus.

390 983 681 1047 Occupatur
725 986 877 1047 poeta
924 979 1039 1027 inde
1074 995 1104 1026 a
1140 994 1290 1027 versu
1330 977 1430 1025 21⁷
1465 977 1573 1025 libri
1609 979 1649 1026 1.
1700 981 1745 1025 in
1784 993 1870 1040 eo,
1929 984 1983 1027 ut
2029 978 2356 1039 demonstret,
2410 978 2530 1026 nibil
2575 981 2623 1025 in
2673 995 2831 1030 rerum

256 1071 431 1115 natura
467 1065 663 1130 penitus
698 1064 924 1127 interire,
969 1060 1063 1110 sed
1099 1062 1256 1109 omnia
1303 1075 1333 1107 a
1380 1066 1557 1109 natura
1592 1065 1777 1110 tantum
1811 1062 1861 1109 iu
1910 1060 2184 1126 particulas
2229 1075 2348 1109 suas
2396 1062 2574 1126 primas
2619 1059 2666 1109 h.
2702 1075 2745 1108 e.
2781 1063 2827 1108 in

257 1154 448 1196 atomos
471 1144 698 1193 dissolvi.
769 1141 932 1206 Cujus
969 1144 1039 1191 rei
1076 1157 1181 1190 cum
1217 1141 1316 1188 alia
1353 1146 1448 1188 tum
1485 1140 1582 1189 hoc
1606 1142 1749 1190 affert
1784 1148 2132 1207 argumentum,
2169 1143 2212 1189 si
2241 1134 2339 1202 res,
2374 1156 2501 1206 quae
2524 1141 2829 1202 viderentur,

258 1229 453 1293 penitus
504 1226 750 1291 perirent,
807 1222 936 1270 unde
971 1236 1137 1271 novae
1174 1236 1255 1269 res
1290 1222 1533 1281 oriantur,
1592 1237 1687 1270 nou
1740 1237 1891 1286 posse
1937 1224 2172 1286 cogitari3
2234 1222 2507 1270 animalium
2556 1223 2679 1270 enim
2732 1227 2830 1270 tum

256 1307 479 1356 sobolem
514 1313 611 1353 tum
648 1307 803 1370 ipsum
839 1306 1200 1362 incrementum,
1237 1317 1469 1365 aquarum
1507 1317 1535 1350 e
1571 1303 1686 1350 mari
1725 1309 1872 1367 atque
1907 1302 2180 1350 fluminibus
2217 1305 2593 1368 evaporantium
2623 1302 2827 1369 supple-

256 1393 444 1447 menta,
491 1385 705 1434 siderum
742 1385 953 1448 denique
989 1390 1387 1432 succrescentem
1421 1382 1579 1431 lucem
1618 1400 1713 1431 non
1748 1399 1897 1448 posse
1937 1382 2138 1432 aliunde
2173 1385 2339 1432 enasci
2375 1390 2523 1449 atque
2571 1400 2635 1434 ex
2672 1386 2828 1451 parti-

257 1467 382 1517 culis
418 1482 582 1516 earum
619 1468 833 1533 ipsarum
869 1481 1055 1526 rerum,
1092 1479 1217 1529 quae
1254 1465 1463 1530 periisse
1498 1463 1776 1513 videantur.
1850 1462 1996 1525 Quod
2038 1466 2107 1512 ita
2143 1462 2305 1513 dicita
2339 1480 2495 1515 versu
2530 1467 2562 1513 2
2585 1465 2679 1513 25:

764 1563 1026 1615 Praeterea,
1071 1572 1361 1616 quaecunque
1390 1564 1611 1600 vetustate
1653 1565 1825 1600 amovet
1855 1565 1993 1613 aetas,
2106 1536 2113 1541 ⁸

770 1633 822 1675 Si
851 1633 1027 1686 penitus
1068 1632 1258 1686 perimit,
1308 1643 1570 1672 consumens
1612 1631 1828 1671 materiem
1870 1643 2050 1685 omnem,

763 1701 889 1745 Unde
921 1702 1101 1744 animale
1131 1714 1275 1758 genus
1315 1702 1553 1757 generatim
1583 1703 1626 1742 in
1656 1702 1814 1743 lumina
1842 1702 1961 1744 vitae

765 1772 958 1816 Reducit
985 1775 1167 1826 Venus;
1217 1780 1261 1814 et
1290 1773 1508 1815 reductum
1539 1772 1727 1815 daedala
1755 1773 1886 1815 tellus

768 1844 898 1886 Unde
929 1846 1004 1885 alit
1034 1851 1165 1899 atque
1197 1851 1356 1899 auget,
1386 1845 1623 1899 generatim
1653 1845 1814 1898 pabula
1842 1845 2100 1898 praebens?

773 1915 901 1957 Unde
931 1929 1050 1956 mare
1079 1919 1258 1967 inqenui
1286 1915 1431 1956 fontes
1460 1920 1723 1968 externaque
1751 1916 1884 1971 longe

770 1987 969 2028 Flumina
997 1986 1312 2041 suppeditant?
1352 1985 1467 2028 unde
1497 1986 1647 2028 aether
1676 1985 1824 2028 sidera
1852 1986 2032 2041 pascit?

392 2088 472 2135 Ita
520 2086 602 2135 hic
649 2090 792 2136 locus
844 2086 1136 2135 scribendus
1184 2093 1263 2134 est
1312 2101 1420 2134 cum
1467 2087 1675 2135 codibus
1723 2087 2029 2146 melioribus,
2090 2088 2158 2134 ita
2206 2088 2350 2134 etiam
2395 2085 2828 2151 interpungendus.

254 2168 496 2217 Editores
541 2174 702 2216 autem
748 2169 1056 2216 recentiores
1117 2178 1390 2233 praeeunte
1438 2167 1791 2216 Wakefieldio
1842 2184 2009 2232 quum,
2069 2165 2185 2231 quid
2230 2166 2508 2228 dIceret‘ur,
2569 2183 2665 2215 non
2713 2168 2835 2215 satis

255 2249 648 2313 perpenderent,
718 2265 808 2313 pro
868 2256 1092 2298 externa
1140 2263 1208 2295 ex
1258 2248 1435 2296 codice
1482 2250 1649 2312 aliquo
1699 2251 1810 2312 ejus
1855 2250 2078 2312 generis,
2148 2247 2279 2312 quod
2315 2247 2605 2312 Madvigius
2652 2248 2835 2296 nullius

256 2331 451 2377 omuino
488 2329 715 2376 momenti
751 2341 866 2376 esse
902 2326 1097 2386 docuit,
1152 2333 1449 2393 receperunt
1499 2335 1710 2378 aelerna
1747 2334 1798 2377 et
1830 2335 1945 2395 post
1978 2344 2122 2378 mare
2157 2327 2446 2377 inciderunt.
2519 2327 2676 2389 Quum
2713 2329 2836 2377 enim

253 2410 585 2475 suppeditant
617 2411 931 2458 intransitive
968 2407 1152 2457 dictum
1188 2415 1444 2474 putarent,
1497 2427 1641 2458 mare
1696 2426 1786 2475 pro
1837 2425 1957 2458 casu
2016 2416 2156 2458 recto
2200 2410 2499 2473 accipientes
2539 2411 2836 2472 Junxerunt:

256 2491 390 2539 unde
425 2495 572 2537 mare
605 2492 719 2550 (et)
755 2492 963 2554 inyenm‘
989 2491 1166 2553 fontes
1201 2497 1253 2538 et
1287 2497 1500 2538 aeterna
1530 2492 1747 2553 flumina
1782 2491 2114 2556 suppeditant
2144 2488 2275 2550 (h.e.
2310 2479 2665 2550 renascuntur,
2700 2492 2837 2538 acci-

256 2573 394 2637 piunt
429 2571 667 2634 aquamT?
719 2571 953 2629 Aeterna
987 2573 1202 2633 flumina
1242 2571 1421 2619 dictum
1458 2578 1715 2638 putarunt,
1752 2577 1805 2619 ut
1826 2571 2079 2621 Hesiodus
2117 2577 2284 2625 α’έναυι
2314 2582 2524 2635 ποταμοί
2568 2579 2617 2620 et
2641 2569 2836 2632 Ennius

252 2667 508 2718 perennes
542 2667 719 2701 amnes
741 2651 967 2699 dixisset.
1004 2651 1246 2699 Poterant
1282 2655 1426 2699 etiam
1462 2653 1527 2699 ad
1548 2654 1829 2700 Lucretium
1869 2655 2022 2718 ipsum
2061 2667 2356 2718 provocare,
2392 2655 2469 2717 qui
2501 2656 2682 2718 etipse
2708 2652 2834 2700 hanc
2909 2637 2913 2640 ”

257 2731 457 2798 phrasin
493 2748 672 2780 amnes
702 2748 957 2797 perennes
979 2731 1208 2780 Vv.464.
1229 2732 1290 2780 ab
1308 2733 1471 2780 Ennio
1497 2740 1741 2780 mutuatus
1762 2739 1908 2781 estet
1930 2734 2250 2797 ejusd.Libri
2285 2734 2548 2783 versu263
2580 2751 2835 2799 perennes

256 2814 431 2860 late'ces
455 2812 595 2860 dixit.
652 2811 761 2860 Sed
781 2817 834 2860 ut
859 2818 1050 2860 taceam
1085 2813 1377 2878 particulam
1411 2816 1556 2879 Ion-qe
1592 2813 1655 2861 ad
1692 2821 1904 2863 aeterna
1940 2813 2190 2877 adjectam
2224 2814 2372 2880 plane
2407 2815 2668 2880 languere,
2706 2813 2833 2863 hanc

258 2894 569 2940 mutationem
592 2895 664 2941 ita
686 2897 871 2941 tantum
892 2893 1207 2954 admiserunt,
1244 2894 1377 2958 quod
1405 2894 1520 2958 quid
1558 2901 1780 2944 externa
1807 2897 2023 2957 flumina
2058 2894 2149 2944 sibi
2175 2894 2381 2958 vellent,
2418 2897 2576 2959 iisque
2597 2897 2836 2960 ingenuos

256 2971 420 3021 fontes
457 2975 635 3038 opponi
672 2989 767 3022 non
803 2975 1100 3038 cogitarunt.
1171 2974 1400 3038 Inyenm'·
1424 2976 1548 3022 enim
1581 2976 1759 3039 fontes
1794 2974 1874 3025 hic
1911 2975 2029 3024 nihil
2066 2972 2201 3024 aliud
2237 2981 2374 3038 sunt,
2424 2978 2514 3024 nisi
2550 2965 2673 3042 quos
2708 2975 2837 3025 infra

259 3051 377 3102 dicit
413 3053 505 3115 VI,
529 3051 640 3102 614.
677 3070 800 3104 snos
829 3056 1027 3119 fontes,
1063 3051 1170 3104 h.e.
1206 3058 1258 3104 in
1297 3056 1414 3104 mari
1451 3057 1561 3121 ipso
1590 3058 1774 3122 yeniti,
1811 3056 1984 3121 quibus
2013 3058 2230 3121 flumina
2267 3064 2484 3109 externa
2521 3056 2566 3106 h.
2581 3071 2624 3106 e.
2660 3057 2836 3123 procul

258 3148 290 3181 a
325 3136 445 3180 mari
480 3135 689 3183 orientia
726 3140 864 3184 recte
898 3141 1224 3201 opponuntur.
1315 3136 1595 3202 Dupliciter
1630 3139 1752 3186 enim
1803 3137 2071 3189 secundum
2105 3137 2390 3189 Lucretium
2419 3139 2621 3203 jactura
2656 3151 2829 3202 aquae,

258 3230 400 3278 quam
440 3229 572 3262 mare
606 3214 753 3275 facit,
793 3225 1160 3281 compensatur,
1215 3232 1323 3267 cum
1358 3217 1572 3267 fontibus
1606 3219 1652 3266 in
1690 3220 1799 3284 ipso
1836 3220 2239 3282 scaturientibus,
2293 3226 2389 3270 tum
2426 3218 2698 3272 fluminibus
2734 3231 2831 3266 ex-

258 3297 503 3345 trinsecus
529 3297 854 3358 venientibus,
890 3295 942 3345 id
963 3296 1095 3361 quod
1130 3298 1423 3365 intelligitur
1459 3315 1487 3348 e
1523 3299 1852 3367 compluribus
1889 3300 2017 3351 locis
2052 3302 2119 3365 ef.
2144 3300 2349 3364 1,1031.
2385 3300 2452 3359 11,
2468 3299 2584 3350 591.
2624 3297 2829 3360 V1‚610
