3096 3830
1448 122 1511 179 5⁴:

193 274 543 348 simplicitate,-
558 279 903 343 firmandis
918 280 1083 329 rebar
1099 281 1247 348 finis*
1244 273 1459 331 reddita
1505 287 1609 343 σοις
1661 274 1766 332 ἀισα
1804 284 1989 347 Ῑπαρῶ·
2019 290 2265 348 corpore
2280 288 2547 346 conctusa,-
2591 292 2755 338 mate·

193 356 299 414 n'os
331 362 475 414 debet
504 356 824 411 mutatico
818 375 1031 426 coms
1064 361 1280 423 habers,-
1291 369 1486 428 pansa
1507 369 1620 414 etat
1644 365 1913 444 freyen,
1908 376 2145 429 cmepora
2191 357 2407 416 volitant
2434 369 2628 438 moneta
2658 384 2755 432 per

195 451 401 495 aevum
379 479 398 505 ,
448 442 651 508 «ραι-εσυ
679 438 1080 506 primordiorum
1123 440 1359 505 herent,
1410 444 1573 551 unde
1584 451 1782 511 ‘quom
1822 446 1985 495 nulla
2038 446 2240 532 mione
2287 448 2495 510 πσθσηίς
2546 464 2653 499 ιιοιι
2704 449 2758 497 in

194 520 447 575 finimus
459 527 641 587 partes
673 520 859 571 cuncta
892 521 1276 574 resolvuntur,
1332 555 1335 557 -
1935 555 1938 558 .

330 602 427 654 His
462 601 682 653 omnibus
711 600 935 651 formulis
966 602 1113 653 ἰᾱοιιι
1122 600 1241 653 fere
1263 546 1554 668 significari
1572 609 1737 669 patet-3
1750 606 1821 653 in
1857 605 1931 654 iis
1948 610 2137 668 autem,
2161 619 2287 672 quas
2317 605 2449 656 duas
2478 613 2757 674 postremas

194 682 353 750 posui,
370 698 549 749 quum
543 681 626 731 ab
646 678 918 732 editoribus
947 696 1047 731 nou
1080 682 1217 731 satis
1231 682 1606 737 consideratae
1619 685 1668 733 in
1694 697 1850 734 causa
1883 684 2076 744 fuerint,
2100 692 2299 737 utnon
2319 699 2419 737 uno
2452 686 2570 738 loce
2602 686 2757 740 lectio

193 780 453 831 perperam
486 769 776 823 mutaretur,
832 762 980 827 paulo
1030 760 1318 827 diligentius
1360 765 1666 814 immoremur
1683 763 1950 829 simulque
2000 775 2194 828 eorum,
2254 759 2336 834 {lui
2382 760 2450 818 de
2497 762 2596 818 hoe
2641 762 2757 819 loco

197 846 506 894 commentati
539 849 674 905 sunt,
726 844 996 892 sententias
1054 845 1334 902 accuratius
1389 846 1720 907 excutiamus,
1747 861 1924 911 „quum
1975 846 2044 896 ita
2095 848 2255 898 totius.
2290 847 2392 898 loci
2435 850 2563 900 ratio
2610 847 2760 899 facil-

191 926 307 974 lime
374 926 676 993 patefactum
751 926 809 973 iri
883 923 1128 974 videatur.
1251 925 1382 976 Sunt
1436 932 1597 976 autem
1663 926 1762 976 hae
1827 926 2099 987 formulae,
2146 941 2293 991 Ἰιιιιιει
2359 927 2505 979 modo
2563 928 2669 978 dixi
2718 929 2759 978 1.

196 1024 248 1057 v.
284 1006 382 1056 608
413 1014 593 1074 partes
616 1007 1025 1073 primordiorum
1057 1007 1296 1069 haerere,
1341 1008 1480 1058 unde
1506 1011 1702 1074 queant
1729 1008 1880 1057 nulla
1913 1010 2116 1058 ratione
2147 1010 2323 1057 revelli
2353 1016 2403 1057 et
2437 1027 2489 1060 v.
2524 1008 2623 1058 629
2657 1026 2762 1059 non

194 1092 250 1138 in
305 1092 540 1139 minimas
581 1095 765 1154 partes
821 1095 1006 1137 cuncta
1064 1090 1274 1139 resolvi.
1320 1089 1506 1138 Patet
1549 1087 1692 1149 hinc,
1752 1082 2018 1155 primordia
2062 1105 2093 1138 e
2134 1087 2450 1155 philosophia
2495 1090 2760 1156 Epicurea,

201 1171 424 1233 quamvis
470 1167 709 1234 simplicia
753 1167 1002 1232 dicantur,
1050 1175 1211 1219 tamen
1263 1172 1373 1245 ipsa
1422 1185 1453 1219 e
1480 1171 1699 1218 minimis
1724 1167 2065 1235 'quibusdam
2075 1171 2331 1238 particulis
2377 1176 2642 1232 constare,
2691 1173 2761 1218 ita

197 1255 359 1299 autem
379 1254 627 1310 constare,
663 1257 716 1298 ut
751 1265 781 1297 a
814 1265 872 1299 se
897 1252 1106 1314 invicem
1131 1244 1309 1300 divelli
1344 1266 1442 1300 non
1476 1243 1684 1319 possint
1694 1242 1815 1330 hae
1817 1248 2120 1325 particulae.
2190 1253 2284 1301 His
2308 1258 2469 1301 autem
2498 1254 2604 1316 jam
2639 1253 2762 1317 ipsis

195 1337 363 1397 partes
396 1346 494 1380 non
529 1345 644 1380 esse
678 1347 729 1380 v
766 1329 879 1393 603,
915 1333 1070 1396 iisque
1117 1333 1272 1379 minus
1320 1328 1532 1396 cogitari
1584 1330 1704 1379 nihil
1738 1347 1889 1398 posse
1924 1350 1976 1382 v.
2022 1332 2120 1381 615
2149 1361 2217 1369 —
2239 1335 2336 1383 625
2373 1333 2538 1382 docet.
2618 1333 2761 1392 Quae

197 1415 343 1477 quum
374 1425 466 1478 per
498 1427 557 1462 se
589 1418 821 1462 constare
855 1427 951 1463 non
985 1414 1201 1480 possint,
1241 1425 1427 1461 novum
1471 1411 1599 1461 inde
1620 1412 1954 1479 argumentum
1990 1416 2157 1475 sumit,
2215 1413 2345 1462 unde
2386 1412 2761 1480 primordiorum

200 1492 500 1543 soliditatem
534 1495 749 1544 evincat.
827 1495 937 1544 Has
986 1496 1111 1543 enim
1162 1493 1434 1560 particulas
1479 1495 1696 1543 minimas
1743 1493 1992 1561 appellat,
2029 1509 2241 1560 eaeque,
2277 1501 2450 1562 utpote
2485 1499 2757 1543 atomorum

201 1582 396 1641 parteS,
459 1574 521 1623 ab
567 1576 687 1641 ipsis
743 1577 920 1624 atomis
971 1574 1119 1641 plane
1174 1574 1550 1640 distinguendae
1597 1577 1725 1625 sunt.
1812 1575 2101 1625 Primordia-
2154 1582 2315 1624 autem
2369 1575 2446 1624 bis
2506 1574 2762 1641 particulis

196 1661 446 1705 constare
461 1654 550 1703 illa
593 1653 786 1720 quidem
821 1655 964 1716 dicit,
1022 1655 1115 1703 sed.
1165 1671 1262 1704 non
1308 1658 1408 1718 ita,
1456 1662 1510 1703 ut
1556 1655 1679 1703 ullo
1696 1661 1921 1721 tempore
1965 1672 2134 1704 earum
2179 1663 2429 1705 conventu
2475 1662 2586 1704 orta
2627 1670 2761 1714 esse,

195 1735 288 1785 sed
322 1735 383 1784 ab
420 1738 546 1784 omni
597 1734 712 1784 inde
758 1749 890 1784 aevo
936 1750 1002 1784 ex
1047 1738 1105 1783 iis
1166 1739 1437 1802 composita
1488 1738 1742 1823 exstitisse
1786 1743 1837 1783 et
1885 1738 1934 1782 in
1978 1752 2141 1785 omne
2164 1753 2342 1785 aevum
2395 1740 2465 1783 ita
2509 1729 2757 1784 exstitura

198 1829 313 1867 esse
348 1814 445 1866 dici
480 1814 718 1878 debeant,
755 1815 855 1865 610
884 1841 953 1850 —-
987 1814 1099 1864 615.

327 1897 436 1946 Has
476 1902 640 1946 autem
673 1889 890 1945 minimas
924 1897 1210 1962 particulas,
1245 1896 1419 1962 quibus
1454 1896 1585 1944 aliae
1622 1899 1831 1945 minores
1878 1911 1975 1944 non
2010 1899 2270 1954 exsistant,
2303 1894 2594 1943 statuendas
2631 1910 2761 1954 esse,

198 1994 259 2027 eo
296 1976 470 2038 docet,
506 1974 664 2041 quod,
712 1978 754 2025 si
798 1975 995 2026 dimidia
1039 1978 1249 2041 quaevis
1298 1992 1416 2042 pars
1463 1991 1657 2043 semper
1708 1976 1954 2026 dimidiam
2002 1983 2191 2044 partem
2237 1976 2469 2038 haberet,
2527 1978 2764 2022 minimum

198 2057 425 2123 quodque
472 2073 652 2123 corpus
705 2073 771 2107 ex
821 2056 1023 2107 totidem
1069 2057 1290 2123 partibus
1326 2060 1575 2107 'constare
1624 2070 1835 2107 necesse
1885 2059 1972 2120 sit,
2016 2064 2176 2123 atque
2221 2059 2477 2105 maximum
2530 2056 2576 2104 h.
2613 2072 2656 2104 e.
2693 2070 2761 2104 ex

196 2141 419 2200 infinitis,
453 2139 505 2188 id
537 2138 667 2203 quod
704 2137 964 2187 absurdum
1000 2140 1078 2187 uit.
1966 2181 1972 2186 .

332 2221 486 2281 Quam
554 2219 899 2286 particularum
957 2220 1251 2267 minimarum
1307 2216 1578 2267 doctrinam
1635 2234 1776 2283 quum
1830 2234 1928 2268 non
1984 2220 2107 2267 satis
2159 2223 2470 2284 perspectam
2519 2216 2763 2270 habereut

196 2302 444 2363 editores,
489 2300 643 2350 tribus
697 2301 823 2350 locis
871 2302 979 2348 sine
1028 2314 1182 2349 causa
1238 2306 1400 2364 atque,
1444 2306 1498 2348 ut
1543 2302 1692 2349 totius
1728 2299 2073 2367 disputationis
2126 2298 2363 2349 rationem
2396 2298 2754 2365 perturbarent,

197 2400 229 2433 a
262 2383 488 2432 codicum
521 2382 736 2430 lectione
784 2387 1123 2441 recesserunt,
1177 2398 1227 2429 v.
1274 2380 1372 2429 612
1418 2380 1500 2429 ubi
1542 2383 1767 2430 ullorum
1801 2397 1891 2445 pro
1941 2383 2170 2439 autrum,
2222 2380 2320 2429 629
2357 2380 2438 2428 ubi
2485 2384 2542 2430 m·
2583 2395 2673 2445 pro
2708 2383 2757 2428 εἰ

197 2471 249 2514 et
283 2480 332 2515 v.
369 2463 466 2512 633
501 2464 584 2511 ubi
609 2463 908 2522 Lambinus,
954 2465 1129 2526 quique
1175 2462 1310 2509 illum
1354 2463 1522 2510 secuti
1566 2468 1703 2522 sunt,
1751 2460 2052 2522 Creechius,
2096 2461 2513 2526 Havercampius,
2568 2459 2760 2525 Bipon-

197 2547 309 2608 tini,
362 2560 454 2612 pro
499 2545 656 2594 nutas
703 2544 876 2592 multis
911 2542 1164 2607 legerunt,
1213 2541 1371 2607 qnod,
1424 2543 1468 2595 si
1513 2542 1607 2590 sibi
1653 2549 1884 2592 constare
1929 2542 2122 2592 vellent
2168 2549 2219 2591 et
2270 2541 2334 2590 de
2388 2539 2555 2605 aliquo
2611 2554 2763 2589 sensu

198 2627 401 2677 solliciti
453 2632 643 2686 essent,
707 2627 851 2673 etiam
911 2622 1287 2673 Wakefieldius
1341 2630 1393 2672 et
1447 2626 1631 2685 ceteri,
1689 2640 1831 2688 quum
1888 2628 1934 2673 in
1993 2624 2182 2687 reliquo
2235 2623 2349 2672 loco
2409 2619 2759 2671 constituendo

195 2708 418 2758 Lambini
454 2709 691 2758 rationem
726 2705 941 2771 amplexi
975 2710 1164 2765 essent,
1200 2704 1370 2754 facere
1406 2704 1669 2754 debebant.

331 2789 413 2838 Ac
446 2790 627 2855 primus
662 2786 832 2837 horum
866 2786 1086 2836 locorum
1119 2785 1234 2834 inde
1269 2800 1300 2832 a
1333 2800 1486 2834 versu
1519 2783 1620 2832 610
1654 2785 1723 2831 ita
1757 2798 1815 2832 se
1848 2783 2026 2832 habet:

708 2883 819 2925 Sunt
847 2883 976 2939 igitur
1006 2880 1150 2922 solida
1175 2878 1405 2935 primordia
1433 2879 1719 2934 simplicitate,

709 2954 837 3008 Quae
866 2954 1044 2995 minimis
1075 2950 1499 3007 stipata-cohaerent
1525 2950 1720 3005 partibus
1750 2954 1893 3000 arcte3

707 3026 810 3069 Non
840 3041 897 3068 ex
923 3026 1110 3068 ullorum
1141 3030 1359 3066 conventu
1391 3023 1636 3075 conciliata,

708 3098 801 3140 Sed
829 3099 967 3153 magis
997 3103 1177 3139 aeterna
1203 3096 1408 3150 pollentia
1436 3095 1723 3149 simplicitate.

332 3185 433 3234 Pro
479 3189 703 3237 ullorum
751 3191 910 3234 autem
964 3185 1146 3249 legitur
1199 3185 1246 3230 in
1291 3181 1545 3231 codicibus
1591 3181 1783 3246 optimis
1831 3178 2059 3246 Gottorp.
2098 3178 2263 3244 Lugd.
2317 3177 2342 3226 1
2380 3183 2432 3227 et
2465 3180 2497 3227 2
2541 3181 2762 3237 illorum,

201 3265 334 3331 quod
391 3265 610 3316 editores
668 3268 715 3314 in
761 3269 986 3317 ullorum
1032 3270 1297 3322 mutarunt,
1374 3265 1512 3328 quasi
1566 3262 1836 3323 diceretur,
1914 3261 2178 3328 primordia
2236 3275 2334 3309 non
2393 3275 2462 3310 ex
2517 3264 2767 3310 conventu
