3096 3830
1414 133 1459 192 7
1470 173 1472 176 ,

297 293 442 343 Haec
475 292 638 339 autem
672 290 843 339 summi
876 291 973 340 viri
1007 288 1168 341 verba
1198 302 1297 340 non
1328 301 1430 342 uno
1463 292 1662 342 nomine·
1709 294 1823 341 sunt
1866 287 2291 360 reprehendenda.
2362 289 2572 341 Pri-um
2595 294 2724 344 enini

163 373 299 436 dicit,
330 376 551 422 naturam
585 383 667 420 res
701 370 751 419 in
769 371 987 422 minimas
1020 376 1192 439 partes
1224 368 1429 424 solvere
1463 386 1735 424 consuesse
1768 372 1833 422 ob
1867 372 2071 438 eamque
2103 380 2304 422 causam
2337 373 2587 435 senoentia
2614 374 2724 440 ipsa

160 454 423 505 lectionem
473 452 532 500 m·
581 450 853 517 postulari,
920 450 1053 519 quod
1102 466 1201 503 non
1252 466 1372 509 esse
1422 453 1897 532 verumLucretius
1922 454 2046 520 ipse
2089 454 2260 520 paucis
2317 452 2549 518 vernins-
2606 457 2728 517 ante

162 534 427 594 docuerat,
478 545 669 598 negans
716 535 935 584 minimas
980 531 1150 601 partes
1193 548 1285 601 per
1328 548 1386 592 se
1430 540 1665 585 constare
1698 528 1879 601 posse,
1931 533 2024 584 sed
2073 530 2312 596 haerere,
2373 533 2506 584 unde
2540 533 2723 586 divelli

161 629 278 664 non
291 617 500 679 possent
532 611 714 676 (629),
765 614 897 664 unde
931 618 1179 681 apparet,
1218 615 1278 663 in
1304 616 1391 664 eas
1436 612 1556 663 nihil
1592 612 1761 664 dividi
1808 628 1974 679 posse.
1987 616 1991 619 '
2052 608 2250 664 Fraudi
2284 619 2446 665 autem
2478 614 2575 664 fuit
2605 617 2718 666 viro

164 685 386 759 egregio,
422 690 556 758 quod
588 694 898 759 primordia'
880 710 991 761 ipsa
1025 699 1077 745 et
1104 695 1274 762 partes
1309 689 1541 743 minimas.
1577 709 1607 743 e
1643 687 1816 758 quibus
1851 709 1911 743 ea
1946 701 2188 756 constant,
2223 693 2401 745 eadem
2423 708 2539 744 esse
2572 699 2722 761 puta-

161 776 263 836 vit,
296 772 554 840 quodque,
587 789 715 839 quae
745 775 815 826 de
846 773 1127 868 primordiis
1160 789 1286 825 vere
1320 749 1573 837 dicunntur,
1603 774 1823 841 partibus
1860 789 2028 826 eorum
2056 777 2261 827 nini-nis
2293 773 2533 829 attribuit.

298 852 498 904 Deinde
532 854 654 904 dicit
686 860 856 921 partes
890 856 1108 905 minimas
1141 870 1231 906 eas
1260 871 1296 906 a
1311 855 1553 909 Iaucretio
1573 855 1846 922 appellaui,
1876 855 2063 920 quibus·
2085 855 2219 907 aliae
2250 871 2349 906 non
2381 857 2577 922 possint
2609 870 2730 907 esse

165 936 404 996 minores,
440 941 491 985 et
526 934 593 985 ad
626 951 750 1001 quas
783 936 866 988 ubi
899 941 1190 1004 perventum
1221 939 1344 1000 sit,
1365 951 1450 987 res
1482 935 1654 988 dividi
1665 952 1846 1003 posse
1860 934 2101 987 ‹ie-inane
2190 936 2359 1002 Atque
2392 934 2495 987 boe
2527 934 2725 1002 quide-

162 1030 287 1066 vere
321 1014 464 1078 dicit,
501 1022 668 1083 partes
704 1019 921 1067 minimas
954 1033 1043 1067 eas
1078 1033 1219 1080 esse,
1253 1018 1427 1083 quibus
1459 1018 1602 1069 aliae-
1625 1033 1724 1069 non
1759 1020 2097 1084 possimssse
2131 1019 2361 1080 minores,
2392 1017 2525 1083 quod
2559 1022 2725 1067 autem

164 1096 331 1160 addit,
386 1095 454 1147 ad
487 1103 656 1164 partes
689 1100 904 1149 minimas
949 1098 1031 1147 ubi
1074 1104 1364 1165 perventum
1405 1102 1494 1162 sit,
1548 1114 1641 1150 1²oe-
1665 1098 1848 1151 dividi·
1873 1114 2024 1166 posse
2052 1099 2306 1160 desinere,
2338 1099 2511 1166 plane
2544 1098 2725 1149 falsum

166 1185 269 1240 est,
322 1195 432 1228 nam
466 1194 496 1228 e
528 1179 751 1230 Lucretii
787 1183 977 1230 ratione
1011 1179 1080 1230 ad
1111 1188 1280 1247 partes
1325 1184 1545 1231 minimas
1577 1183 1626 1229 in
1661 1179 2210 1245 dividendo-nunqnam
2255 1183 2504 1247 perveniri
2539 1185 2724 1248 potest,

164 1277 310 1326 quum
344 1261 609 1326 primordia
642 1261 808 1311 solida
841 1264 937 1311 sint
971 1277 1131 1326 neque
1164 1262 1372 1328 amplius
1390 1264 1599 1329 possint
1626 1263 1811 1311 secari.

304 1341 430 1391 Tum
466 1341 612 1404 dicit,
655 1343 750 1391 nisi
783 1344 831 1391 in
865 1347 1034 1408 partes
1067 1344 1291 1392 minimas
1320 1346 1498 1392 natura
1529 1346 1735 1393 cunctas
1768 1357 1850 1391 res
1885 1325 2194 1401 resolveret,
2229 1347 2280 1390 et
2314 1343 2356 1389 si
2392 1340 2507 1391 ideo
2541 1346 2727 1408 partes,

168 1424 218 1470 in
267 1437 390 1485 quas
434 1436 516 1472 res
566 1422 911 1485 resolvuntur,
965 1429 1018 1474 et
1059 1425 1209 1490 ipsae
1249 1429 1418 1490 partes
1469 1423 1730 1484 haberent,
1782 1438 1880 1472 non
1926 1438 2079 1490 posse
2123 1438 2212 1472 eas
2255 1425 2427 1473 varios
2475 1438 2733 1473 connexus

166 1502 416 1568 pondera,
470 1503 650 1569 plagas
684 1503 896 1566 babere,
960 1519 1087 1571 quae
1120 1506 1351 1555 materies
1402 1503 1638 1569 genitalis
1686 1503 1869 1554 debeat
1915 1503 2117 1553 habere.
2221 1502 2368 1563 Quod
2411 1508 2587 1559 contra
2636 1509 2733 1553 est.

166 1583 373 1644 Partes,
441 1585 488 1632 in
519 1600 652 1648 quas
685 1590 859 1634 natura
907 1600 987 1634 res
1032 1587 1307 1636 resolvere
1343 1587 1629 1647 consuevit,
1692 1583 1741 1635 h.
1785 1600 1830 1635 e.
1886 1586 2059 1645 atomi,
2112 1599 2284 1633 rursus
2330 1582 2513 1633 debent
2560 1589 2731 1649 partes

168 1664 379 1726 habere,
433 1662 476 1712 si
510 1681 580 1714 ex
615 1666 715 1713 illis
749 1666 880 1714 aliae
914 1682 997 1715 res
1032 1666 1184 1715 refici
1202 1666 1400 1716 debent.
1492 1666 1639 1726 Quod
1667 1668 1773 1731 jam
1804 1683 1895 1732 per
1926 1682 1985 1714 se
2017 1671 2156 1731 patet
2187 1681 2256 1714 ex
2302 1666 2494 1713 ratione
2537 1663 2729 1730 Epicu-

167 1761 283 1805 rea,
336 1762 444 1792 nam
479 1746 785 1811 primordia,
819 1753 873 1794 ut
907 1762 936 1794 e
971 1746 1191 1795 secundo
1225 1732 1354 1796 libro
1393 1747 1652 1806 discimus,
1698 1748 1800 1795 alia
1833 1754 1946 1795 sunt
1979 1747 2198 1807 hamata,
2256 1745 2357 1793 alia
2407 1752 2583 1805 acuta,
2629 1744 2733 1793 alia

168 1826 407 1888 rotunda,
455 1826 685 1876 diversas
722 1827 934 1892 denique
971 1826 1152 1876 habent
1181 1827 1381 1876 formas.
1446 1828 1520 1876 At
1554 1843 1679 1893 quae
1714 1828 1885 1892 figuris
1921 1827 2177 1886 differunt,
2229 1826 2453 1892 partibus
2485 1824 2734 1887 differunt,

169 1915 339 1975 partes
395 1923 518 1973 ergo
570 1908 764 1957 habent.
844 1908 1120 1957 Primordia
1189 1911 1339 1975 igitur
1391 1915 1559 1978 partes
1611 1908 1807 1957 habent.
1895 1906 2087 1968 Quodsi
2134 1914 2302 1974 partes
2347 1923 2444 1955 non
2478 1907 2733 1968 haberent,

173 1988 385 2053 ideoque
420 1989 641 2049 hamata,
677 1996 846 2050 acuta,
882 1989 1092 2036 rotunda
1128 2004 1243 2038 esse
1277 2005 1373 2039 non
1407 1997 1638 2056 possent,
1687 2005 1784 2037 non
1819 1996 2025 2054 possent
2062 1991 2233 2037 varios
2269 2003 2553 2048 connexus,
2606 2004 2732 2054 pon-

173 2070 321 2131 dera,
372 2070 550 2137 plagas
596 2069 781 2118 habere
826 2069 1044 2134 nihilque
1086 2085 1153 2118 ex
1188 2070 1288 2118 illis
1321 2076 1494 2136 posset
1528 2072 1738 2118 renasci.
1817 2070 2085 2117 Lucretius
2120 2075 2280 2117 autem
2314 2071 2423 2134 ipse
2458 2072 2602 2117 etiam
2638 2084 2734 2116 uon

177 2151 330 2200 semel
367 2150 553 2200 diserte
586 2150 716 2198 dixit
748 2150 1014 2216 primordia
1047 2152 1268 2216 partibus
1304 2142 1559 2211 constare,
1594 2157 1647 2198 ut
1667 2148 2037 2198 ·v.600—610
2068 2151 2218 2213 hujus
2249 2152 2404 2215 ipsius
2438 2149 2550 2196 libri
2585 2148 2736 2197 vide-

175 2247 305 2292 mus,
353 2231 433 2281 ubi
467 2232 693 2297 imprimis
728 2247 777 2280 v.
807 2228 906 2279 606
941 2230 1084 2280 dicit:
1757 2247 1759 2251 ’

677 2344 785 2389 lnde
815 2338 928 2389 aliae
959 2351 1088 2404 atque
1119 2348 1234 2390 aliae
1275 2347 1434 2390 similes
1464 2360 1523 2403 ex
1552 2344 1703 2389 ordine
1731 2349 1882 2400 partes

681 2418 872 2473 Agmine
902 2417 1127 2461 condenso
1157 2425 1350 2461 naturam
1380 2418 1577 2482 corporis
1606 2417 1794 2472 explent.

176 2552 317 2601 Libri
352 2553 497 2600 etiam
547 2549 753 2599 secundi
788 2567 837 2598 v.
867 2549 965 2597 485
1013 2557 1186 2614 aperte
1219 2551 1289 2599 de·
1312 2551 1538 2618 partibus
1573 2556 1842 2598 atomorum
1875 2548 2100 2612 loquitur.
2185 2546 2351 2595 Docet
2384 2548 2510 2595 enim
2546 2554 2737 2596 atomos

176 2634 373 2682 infinitis
407 2634 576 2682 formis
610 2646 726 2680 esse
759 2646 855 2680 non
890 2646 1066 2698 posse,
1122 2632 1169 2679 h1.
1192 2646 1238 2681 e.
1273 2632 1641 2682 atomosfinito.
1666 2629 1814 2678 modo
1848 2631 1974 2676 inter
2011 2643 2068 2676 se
2102 2626 2311 2688 distare,
2365 2643 2456 2676 sen
2491 2643 2739 2677 numerum

177 2716 470 2781 figurarum,
527 2714 698 2780 quibus
749 2716 911 2762 atomi
941 2698 1192 2774 differant,
1251 2728 1366 2763 esse
1410 2714 1605 2761 finitum.
1693 2711 1854 2774 Cujus
1899 2712 1972 2757 rei
2007 2716 2339 2773 argumentum
2372 2709 2564 2775 profert
2612 2708 2737 2759 hoc:

179 2796 407 2845 differunt
441 2796 704 2862 primordia
738 2797 967 2860 partium,
1021 2809 1052 2843 e
1085 2794 1257 2859 quibus
1290 2788 1547 2854 constant,
1605 2791 1652 2840 h.
1676 2805 1719 2840 e.
1755 2792 2070 2849 minimarum,
2107 2792 2249 2838 var-ia
2283 2793 2565 2855 positione,
2601 2793 2735 2854 atqui

176 2892 368 2942 paucae
403 2882 570 2943 partes
605 2875 800 2925 multum
832 2877 1031 2926 variare
1067 2889 1163 2924 non
1198 2866 1441 2941 pessunt3.
1461 2875 1504 2921 si
1535 2874 1684 2937 igitur
1710 2870 1896 2919 infinito
1923 2868 2069 2919 modo
2092 2872 2292 2919 variare
2312 2870 2512 2933 debent,
2545 2871 2742 2919 infinitis

178 2957 400 3022 partibus
435 2973 495 3007 ea
527 2963 759 3008 constare
793 2955 1004 3022 ideoque
1037 2958 1266 3022 ingentia*
1289 2970 1402 3006 esse
1423 2967 1633 3004 necesse
1669 2958 1760 3002 est.
1828 2950 1974 3011 Quod
1999 2965 2144 3013 quum
2165 2964 2314 3000 secus
2338 2954 2418 3013 sit,
2457 2967 2518 3002 ne
2542 2952 2739 3000 infinitis

179 3038 370 3100 quidem
402 3037 565 3088 modis
613 3039 811 3088 differre
836 3042 1065 3103 possunt.
1147 3038 1261 3086 Hoc
1296 3042 1456 3087 autem
1489 3038 1537 3084 in
1571 3039 1858 3098 argumento
1895 3041 2124 3095 tanquam
2157 3031 2486 3082 indubitatum
2521 3034 2738 3093 sumitur,

179 3123 370 3167 atomos
403 3119 623 3186 partibus
658 3126 916 3180 constare,
952 3115 1050 3167 hoc
1085 3123 1293 3183 negatur
1324 3117 1522 3166 infinitis
1555 3131 1642 3164 eas
1679 3119 1923 3164 constare.
1992 3113 2051 3163 In
2086 3115 2297 3161 transitu
2331 3119 2497 3161 autem
2528 3112 2739 3162 adnote-

180 3215 285 3247 mus
320 3198 448 3248 hunc
480 3201 641 3251 locum
676 3203 724 3248 in
759 3199 1078 3259 editionibus,
1115 3215 1236 3264 quas
1271 3198 1399 3259 vidi,
1435 3196 1653 3246 omnibus
1687 3195 1818 3244 falsa
1854 3196 2245 3260 interpunctione
2280 3193 2566 3260 impeditum
2601 3209 2739 3253 csse3

181 3281 398 3329 scribunt
439 3285 564 3329 enim
599 3300 650 3331 v.
678 3281 774 3329 485
809 3281 859 3328 8(
880 3280 998 3329 486.
