3096 3830
1510 142 1553 201 4

745 300 826 342 Ino
870 301 1117 357 Vergilium
1154 314 1220 342 me
1262 306 1463 353 tempore
1483 300 1629 343 dulcis
1660 298 1804 341 alebat

741 370 1052 445 Parthenope,
1082 371 1238 413 studiis
1279 370 1503 412 florentem
1531 370 1742 426 ignobilis
1774 371 1847 412 oti.
2119 418 2122 421 Α

365 462 463 509 Hic
500 465 613 525 post
647 443 836 510 studiis
870 459 1093 509 incidens
1127 457 1276 522 idque
1310 457 1378 506 ad
1426 457 1595 506 alebat
1647 455 1847 504 trahens
1881 457 2153 520 genitivum
2187 459 2421 522 &nobilis
2453 463 2528 509 oti
2559 475 2589 507 a
2622 461 2815 523 floron..

240 549 336 592 tem
369 540 593 606 pendere
626 540 771 590 nobis
806 540 918 589 vult
951 537 1285 603 persuadere,
1320 537 1372 588 id
1407 536 1540 602 quod
1575 538 1750 586 nemini
1784 551 1893 586 eum
1927 536 2273 601 probaturum·
2264 545 2414 603 -.puto

365 620 672 672 Manilianus
710 627 871 671 autem
906 619 1050 669 locus
1087 618 1438 680 (Astron.1V.
1474 618 1601 679 687)
1632 616 1714 668 hic
1750 622 1851 667 est.

1449 743 1460 754 .
1492 744 1502 753 .
1537 714 1727 755 Graecia
1758 743 1768 752 .
1801 742 1812 752 .
1845 745 1855 756 .

739 787 933 826 Maxima
972 792 1087 827 terra
1132 786 1239 826 viris
1285 791 1327 825 et
1359 784 1702 825 foecundissima
1732 783 1878 823 doctis

742 854 957 899 Urbibus:
988 859 1031 898 in
1061 870 1241 912 regnum
1271 855 1477 897 florentes
1509 855 1597 896 oris
1628 853 1845 907 Athenae,

743 927 906 982 Sparta
936 941 1062 970 manu
1091 933 1176 969 etc.

368 1030 462 1091 Qui
500 1030 645 1079 locus
696 1046 838 1095 quum
885 1045 1064 1094 magna
1114 1028 1409 1077 difficultate
1459 1026 1682 1093 impediri
1728 1042 1826 1075 non
1884 1027 2120 1075 immerito
2156 1024 2437 1083 videretur,
2484 1024 2816 1076 audacissime

231 1130 261 1161 a
294 1112 645 1161 VVakefieldio
681 1114 749 1159 ita
785 1111 1159 1160 transformatus
1196 1117 1298 1170 est,
1336 1115 1388 1158 ut
1417 1111 1608 1173 florere
1643 1111 1750 1157 oris
1777 1109 2044 1173 jungatur:
2080 1109 2150 1155 ita
2184 1109 2310 1157 enim
2345 1107 2495 1172 legit:

743 1206 935 1249 Maxima
964 1212 1078 1247 tetra
1106 1206 1236 1248 viris!
1282 1218 1334 1246 en
1364 1203 1710 1246 foecundissima
1739 1201 1882 1245 doctis

747 1277 865 1319 Urbs
895 1290 982 1319 una
1014 1280 1228 1333 immid-⁹,
1259 1276 1465 1319 florentes
1500 1277 1588 1318 oris
1618 1274 1836 1317 Athenae.

363 1380 486 1429 Nou
519 1386 596 1428 est
629 1381 787 1428 nostri
842 1378 1013 1440 officii,
1049 1377 1198 1443 hujus
1233 1379 1337 1428 loci
1369 1381 1609 1427 rationem
1645 1378 1839 1443 penitus
1865 1380 2188 1440 pertractare,
2223 1373 2320 1423 hoc
2351 1380 2531 1423 tantum
2556 1374 2815 1425 addidisse

231 1464 462 1521 sufficiat,
498 1478 594 1511 non
631 1468 740 1518 tam,
764 1462 867 1510 acri
904 1460 1100 1511 medela
1134 1477 1259 1528 opus
1294 1476 1410 1510 esse
1446 1458 1639 1519 videri,
1694 1455 1826 1506 haud
1861 1458 1994 1515 scio,
2038 1472 2099 1504 an
2135 1457 2258 1504 satis
2291 1457 2357 1504 sit
2390 1471 2481 1522 pro
2514 1460 2569 1507 ia
2602 1474 2816 1524 rqqmcm

232 1544 308 1605 (h.
344 1560 388 1593 e.
439 1547 485 1591 in
537 1528 713 1607 regno)
752 1542 927 1607 legere
971 1546 1023 1591 in
1058 1560 1240 1607 rayno,
1289 1548 1342 1590 ut
1385 1544 1449 1589 sit
1488 1538 1793 1604 jungendum
1833 1540 2023 1600 florere
2047 1535 2108 1586 'in
2143 1554 2230 1598 re,
2266 1539 2396 1586 sicut
2438 1539 2571 1604 Nep.
2615 1539 2711 1605 Ep.
2748 1541 2812 1588 V.

233 1625 361 1674 dixit
390 1628 581 1686 florere
614 1628 668 1673 in
699 1641 758 1673 re
793 1626 1006 1672 militari
1020 1622 1127 1673 Cic.
1165 1621 1229 1671 de
1265 1621 1404 1671 Orat.
1423 1622 1461 1671 1.
1496 1623 1544 1675 2.
1577 1624 1631 1670 in
1664 1623 1728 1669 iis
1757 1621 2060 1681 fior-nerim,-
2096 1634 2311 1683 reynum
2346 1624 2506 1667 autem
2542 1623 2650 1669 oris
2683 1621 2813 1685 apud

230 1704 486 1755 Manilium
522 1703 641 1753 nihil
696 1702 830 1752 aliud
867 1704 987 1764 erit,
1024 1719 1165 1766 quam
1199 1702 1332 1766 quod
1369 1702 1487 1751 alibi
1523 1700 1650 1750 dixit
1681 1715 1900 1764 reynum
1936 1698 2185 1763 loquendi.
2252 1699 2398 1748 Haec
2433 1706 2593 1749 autem
2639 1706 2816 1750 utcun-

233 1801 328 1848 que
364 1790 530 1844 erunt,
593 1782 690 1833 hoc
750 1788 975 1842 constat,
1024 1790 1200 1833 neutro
1250 1783 1367 1832 loco
1416 1783 1707 1831 insolentem
1768 1782 1914 1828 istam
1959 1780 2372 1830 constructionem
2417 1779 2560 1829 verbi
2607 1781 2814 1830 florendi

236 1864 401 1914 fulciri
438 1881 602 1930 posse.
675 1862 922 1923 Accedit,
978 1862 1108 1926 quod
1144 1865 1252 1928 ipse
1288 1863 1555 1913 Lucretius
1591 1860 1748 1912 verbo
1797 1857 2004 1908 florendi
2039 1858 2258 1923 legitima
2302 1866 2551 1910 structura
2597 1861 2816 1911 adhibita

233 1948 435 2011 saepius
461 1951 626 1992 utatur
662 1946 756 2005 (V,
794 1944 920 2004 910)
959 1945 1175 1993 arbusta
1201 1948 1414 2007 ,qemme‘s
1444 1947 1645 2007 florent,
1688 1943 1748 2002 V,
1786 1939 1917 1988 1278
1953 1940 2194 1989 laudibus
2221 1943 2377 2003 floret
2409 1959 2508 1990 res.
2580 1944 2646 2005 V,
2681 1944 2812 1992 1441

230 2044 377 2074 mare
422 2029 648 2075 veIae‘volis
702 2019 867 2088 floret.
960 2025 1145 2073 Nonne
1195 2028 1371 2089 igitur,
1423 2027 1610 2072 etiamsi
1649 2041 1679 2070 a
1713 2021 1997 2070 melioribus
2044 2021 2300 2075 codicibus
2335 2023 2655 2073 exhiberetur
2691 2025 2816 2074 illud

228 2109 447 2174 petet-rim
478 2108 684 2170 florere,
719 2106 1098 2170 idconJectura
1134 2105 1480 2172 corrigendum
1516 2105 1660 2154 erat?
1695 2104 1845 2152 Nunc
1878 2107 2056 2165 autem,
2093 2120 2238 2169 quum
2273 2110 2462 2153 tantum
2494 2120 2523 2154 e
2559 2106 2815 2156 codicibus

239 2189 421 2236 nullius
460 2191 686 2236 momenti
723 2188 994 2235 desumtum
1030 2190 1120 2248 sit,
1157 2203 1326 2249 nemo,
1378 2190 1574 2253 opinor,
1611 2185 1874 2246 dubitabit,
1927 2191 2022 2233 tam
2067 2193 2256 2252 turpem
2290 2188 2529 2235 maculam
2573 2202 2602 2235 e
2646 2188 2817 2254 splen—

244 2268 363 2318 dido
397 2270 690 2318 Lucretiani
725 2270 952 2317 carminis
987 2268 1195 2333 speculo
1232 2269 1417 2318 eluere.

369 2475 639 2537 Postquam
667 2473 848 2521 deinde
874 2473 1108 2521 docuisse
1144 2475 1235 2521 sibi
1271 2476 1412 2522 visus
1449 2481 1527 2522 est
1553 2480 1716 2538 poeta,
1753 2480 1953 2539 praeter
1989 2490 2199 2540 corpora
2230 2476 2382 2539 prima
2404 2480 2454 2522 et
2472 2475 2616 2522 inane
2636 2473 2818 2521 nullam

236 2568 352 2603 esse
396 2555 589 2602 tertiam
634 2559 884 2613 naturam,
932 2554 1096 2619 qualia
1142 2553 1405 2620 primordia
1463 2556 1573 2620 ipsa
1618 2557 1830 2621 cogitari
1878 2555 2114 2617 debeant,
2164 2557 2368 2622 exponit
2413 2569 2571 2620 eaque
2618 2556 2819 2621 primum

234 2635 403 2684 solida
456 2651 570 2683 esse
616 2636 662 2683 h.
699 2651 742 2684 e.
774 2637 878 2698 jam
926 2651 1023 2683 non
1057 2652 1208 2701 posse
1255 2637 1461 2701 amplius
1499 2636 1656 2685 dividi
1694 2638 2004 2702 dissolvique
2040 2636 2285 2698 ostendit,
2332 2637 2461 2686 unde
2508 2652 2595 2685 eas
2630 2643 2819 2694 atomos

240 2715 371 2781 apud
406 2716 701 2782 Epicurum,
749 2714 1009 2765 individua
1033 2730 1245 2783 corpora
1285 2716 1417 2784 apud
1448 2716 1743 2767 Ciceronem
1785 2718 1881 2768 dici
1921 2723 2142 2779 constat,
2200 2718 2372 2782 quibus
2397 2717 2661 2768 vocabulis
2699 2721 2818 2785 ipsis

243 2797 532 2859 Lucretius,
569 2812 855 2862 quamquam
892 2797 1019 2845 alias
1055 2813 1215 2863 neque
1251 2814 1491 2849 novorum
1527 2813 1687 2864 neque
1723 2800 2030 2850 Graecorum
2077 2798 2340 2850 verborum
2385 2798 2678 2849 fastidiosus
2726 2806 2817 2863 est,

236 2894 474 2942 nusquam
508 2881 672 2927 utitur.
747 2879 862 2928 Hoc
895 2885 1057 2928 autem
1092 2880 1238 2940 loco,
1287 2886 1339 2929 ut
1375 2880 1676 2930 soliditatem
1712 2881 2080 2947 primordiorum
2125 2880 2457 2940 demonstret,
2504 2882 2734 2947 imprimis
2770 2884 2817 2931 ei

245 2974 398 3007 curae
435 2964 528 3019 est,
565 2960 629 3007 ad
665 2976 870 3025 eamque
905 2976 1005 3008 rem
1032 2960 1389 3026 designandam
1426 2961 1502 3010 his
1528 2962 1637 3011 sere
1674 2964 1825 3011 utitur
1860 2963 2104 3012 formulis:
2139 2963 2444 3014 Primordia
2479 2964 2624 3013 mella
2655 2969 2822 3030 potest

241 3044 317 3089 vis
351 3044 635 3106 strinyere5
672 3043 832 3093 solido
865 3050 1019 3109 alque
1052 3050 1263 3094 aeterno
1297 3061 1515 3110 corpore
1549 3052 1818 3106 coactata,-
1854 3046 2016 3096 solido
2051 3062 2270 3111 corpore
2304 3048 2543 3106 vincunt5
2579 3049 2817 3095 materies

237 3126 452 3169 aeterna
486 3128 590 3182 est3
626 3138 731 3171 non
762 3131 983 3187 possunt
1014 3127 1184 3189 playis
1218 3126 1430 3175 dis-solva·
1461 3143 1622 3193 neque
1653 3130 1824 3176 retexi
1829 3145 1849 3186 ,·
1895 3143 1998 3176 non
2029 3133 2253 3194 possunt
2312 3127 2485 3175 collidi
2516 3141 2608 3174 nec
2637 3128 2821 3191 franyi

240 3217 335 3251 nec
371 3204 425 3249 in
461 3202 577 3250 bina
612 3204 836 3254 secando
863 3205 1020 3272 find2‘3
1056 3221 1273 3271 corpore
1306 3210 1582 3257 itnmortali
1614 3214 1740 3258 sunt
1767 3208 2053 3274 primordia
2062 3227 2083 3269 ,·
2120 3214 2245 3258 sunt
2278 3208 2447 3259 solida
2469 3209 2786 3274 simplicitate
2794 3224 2816 3267 ,-

239 3288 436 3332 natura
467 3286 621 3350 finem
651 3286 972 3351 franyundis
1018 3287 1173 3336 rebus
1204 3292 1443 3353 pctravit;
1497 3289 1790 3355 franyundi
1829 3290 2033 3340 reddita
2069 3292 2192 3356 finis
2251 3294 2361 3349 θείς
2414 3288 2583 3339 solida
2623 3288 2818 3352 pollent
