3096 3830
1541 169 1594 229 8

878 355 891 368 .
950 329 1068 368 Face
1096 327 1208 367 enim
1233 327 1416 369 minimis
1444 340 1471 369 e
1498 330 1695 382 partibus
1726 340 1833 370 esse
2080 373 2084 377 ⁴

798 394 997 452 Corpora
1025 394 1386 452 prima31ribus‚
1426 398 1501 440 vel
1529 399 1661 454 paulo
1691 398 1886 455 pluribus
1917 408 2057 453 auge5

279 517 360 569 ubi
396 516 737 578 scribendum,
802 501 1194 580 interpunctione
1227 516 1342 579 post
1372 514 1545 580 ‘prima
1579 515 1777 566 sublata
1820 517 1870 565 et
1903 517 2018 580 post
2050 512 2214 563 tribu-3
2249 512 2436 578 posita.

791 670 801 680 .
875 670 887 682 .
945 639 1070 680 Face
1100 640 1211 682 enim
1251 640 1431 682 minimis
1461 654 1487 682 e
1514 641 1711 696 partibus
1741 653 1848 682 esse

791 709 989 766 Corpora
1017 711 1153 765 prima
1180 711 1341 764 tribus,
1378 712 1451 753 vel
1482 712 1614 766 paulo
1643 701 1837 767 pluribus
1868 723 1999 767 auge.

411 827 674 877 Postremo
710 826 834 876 dicit
866 825 1161 885 Lambinus,
1204 827 1249 873 si
1284 832 1461 875 natura
1494 831 1700 875 cunctas
1736 840 1818 875 res
1852 827 1899 874 in
1935 829 2104 890 partes
2138 824 2357 872 minimas
2393 823 2703 887 resolveret,
2737 831 2851 875 ato-

271 923 378 958 mos
413 923 480 958 ex
515 908 714 957 infinitis
748 906 973 974 partibus
1008 908 1309 955 constituras
1344 921 1474 955 esse.
1555 906 1664 957 Sed
1691 915 1761 955 'ne
1797 904 1895 954 hoc
1923 903 2125 970 quidem
2161 918 2333 954 verum
2369 909 2472 964 est3
2519 917 2627 953 nam
2649 907 2851 955 etiamsi

275 988 565 1038 resolveret
610 994 810 1049 natura,
865 996 1027 1036 tamen
1069 988 1305 1033 minimum
1340 988 1389 1033 in
1423 986 1572 1035 rebus
1604 989 1760 1053 ipsum
1795 991 2096 1045 remaneret,
2159 990 2211 1033 et
2245 986 2288 1032 si
2324 985 2559 1033 minimum
2594 987 2713 1046 erit,
2770 1001 2851 1035 res

274 1067 546 1118 secundum
581 1068 867 1117 Lucretium
902 1064 1136 1129 (v.620.)
1172 1080 1268 1114 non
1305 1080 1373 1114 ex
1408 1067 1605 1115 infinitis
1639 1067 1862 1132 partibus
1897 1065 2204 1115 constabunt.

416 1148 566 1200 Haec
602 1146 795 1212 quidem
835 1145 900 1196 de
935 1147 1023 1209 iis,
1064 1161 1192 1211 quae
1216 1146 1494 1196 Lambinus
1530 1149 1579 1196 in
1615 1146 1936 1197 adnotatione
1971 1145 2037 1195 ad
2085 1148 2295 1212 priorem
2344 1145 2504 1194 locum
2539 1147 2693 1193 minus
2726 1159 2852 1194 vera

274 1227 466 1287 attulit,
503 1228 665 1277 altero
701 1233 864 1286 autem
898 1226 1015 1275 loco
1051 1243 1102 1276 v.
1131 1225 1257 1287 631,
1291 1226 1373 1274 ubi
1407 1229 1566 1276 nullis
1601 1229 1648 1274 in
1682 1231 1860 1277 multis
1893 1230 2127 1286 mutavit,
2162 1226 2288 1275 haec
2323 1228 2436 1289 ejus
2469 1232 2583 1275 sunt
2615 1225 2798 1275 verba:

420 1309 603 1369 „Quae
638 1309 813 1357 multis
848 1313 972 1357 sunt
1002 1307 1242 1371 partibus
1277 1307 1476 1369 ancha]
1607 1307 1719 1357 Sic·
1753 1306 2017 1372 legendum
2062 1313 2139 1356 est
2193 1305 2573 1354 reclamantibus
2629 1306 2846 1354 omnibus

274 1389 666 1454 exemplaribus,
701 1390 749 1436 in
784 1388 958 1452 quibus
994 1392 1098 1436 est:
1134 1376 1292 1437 nullis
1327 1394 1453 1437 sunt
1481 1388 1744 1453 partibus,-
1792 1387 1889 1437 hoe
1921 1389 2044 1437 euim
2076 1386 2322 1452 significat
2354 1386 2649 1435 Lucretius:
2686 1383 2848 1435 omnia

268 1470 317 1516 in
351 1471 568 1517 minimas
603 1475 774 1535 partes
810 1467 1003 1517 resolvi
1039 1467 1205 1516 solent
1240 1471 1439 1528 natura,
1490 1483 1586 1517 non
1620 1468 1844 1517 infinitas.
1934 1469 2044 1518 Hae
2075 1473 2234 1517 autem
2270 1471 2440 1533 partes
2478 1467 2698 1515 minimae
2734 1473 2849 1516 sunt

269 1565 487 1617 corpora
522 1553 677 1617 prima
712 1554 765 1599 et
800 1548 1065 1616 primordia
1101 1563 1289 1609 rerum,
1348 1563 1474 1613 quae
1517 1550 1562 1596 in
1609 1548 1774 1596 nullas
1811 1549 1913 1612 jam
1951 1550 2158 1615 amplius
2202 1553 2371 1615 partes
2415 1549 2578 1597 secari
2623 1553 2848 1614 possunt.

268 1631 571 1694 Hujusmodi
620 1639 783 1680 autem
837 1645 1052 1694 corpora
1095 1628 1161 1676 ad
1206 1645 1289 1677 res
1342 1629 1623 1694 gignendas
1680 1635 1793 1678 sunt
1841 1631 2118 1695 aptissimat
2186 1628 2317 1694 quod
2367 1635 2541 1679 contra
2588 1632 2633 1678 si
2678 1634 2847 1680 essent

268 1710 434 1760 multis
472 1711 693 1777 partibus
729 1716 878 1760 aucta
913 1715 965 1758 et
998 1711 1040 1757 si
1078 1711 1126 1756 iu
1162 1708 1340 1759 multas
1376 1715 1545 1776 partes
1582 1711 1746 1759 secari
1780 1715 2013 1775 possent,
2061 1725 2150 1770 ea,
2185 1725 2313 1774 quae
2348 1712 2578 1758 materies
2614 1710 2846 1774 genitalis

269 1790 456 1840 habere
491 1791 671 1852 debet,
726 1791 913 1840 habere
948 1790 1087 1839 nullo
1123 1790 1271 1838 modo
1305 1798 1536 1855 possent,
1573 1792 1812 1840 videlicet
1851 1792 2018 1839 varios
2055 1804 2336 1851 connexus,
2381 1790 2629 1856 pondera,
2665 1790 2845 1856 plagas

271 1876 369 1920 etc,
439 1871 586 1920 Licet
622 1873 766 1920 etiam
803 1871 1000 1934 legere:

771 1986 1039 2039 Propterea,
1083 1986 1210 2040 quia,
1257 1999 1371 2040 quae
1401 1992 1502 2028 sunt
1532 1985 1630 2028 ullis
1660 1987 1854 2040 partibus
1885 1993 2015 2028 aucta
2043 1988 2156 2027 etc.“

404 2094 664 2143 Hactenus
701 2095 781 2143 vir
813 2093 877 2143 de
900 2093 1139 2143 Lucretio
1175 2094 1513 2162 immortaliter
1547 2096 1771 2153 meritus,
1807 2093 1899 2142 sed
1935 2094 2033 2144 hoc
2070 2099 2209 2143 certe
2244 2094 2360 2143 loco
2394 2096 2440 2142 in
2477 2094 2592 2143 altis
2628 2094 2844 2143 tenebris

276 2182 526 2223 versatus.
615 2175 757 2236 Quae
793 2175 917 2223 enim
952 2172 1035 2222 hic
1067 2175 1240 2222 iterum
1285 2173 1538 2234 videmus,
1592 2174 1877 2223 Lambiuuni
1912 2180 2082 2240 partes
2116 2177 2332 2223 minimas
2368 2190 2475 2223 cum
2511 2177 2685 2225 atomis
2720 2190 2844 2224 con-

271 2254 555 2304 fundentem
604 2263 851 2312 statuere,
918 2256 1078 2302 onmia
1114 2257 1161 2300 in
1208 2256 1422 2302 minimas
1465 2261 1634 2320 partes
1684 2255 1872 2305 resolvi
1925 2255 2092 2306 solere
2137 2263 2338 2319 natura,
2394 2257 2637 2322 ejusmodi
2682 2262 2844 2306 autem

266 2351 482 2400 corpora
516 2336 582 2383 ad
616 2352 698 2384 res
733 2333 1013 2398 gignendas
1048 2349 1162 2382 esse
1197 2335 1463 2399 aptissima,
1497 2351 1622 2399 quae
1657 2343 1824 2400 partes
1862 2338 1971 2401 ipsa
1995 2339 2099 2401 jam
2129 2354 2225 2387 non
2259 2338 2488 2399 habeant,
2524 2354 2650 2404 quae
2680 2345 2841 2387 autem

265 2416 488 2482 partibus
526 2416 687 2463 multis
724 2422 874 2463 aucta
909 2416 1028 2472 sint,
1064 2429 1158 2462 non
1194 2430 1346 2480 posse
1380 2410 1567 2464 habere
1604 2431 1696 2476 ea,
1731 2432 1856 2482 quae
1894 2418 2126 2482 genitalis
2163 2421 2390 2469 materies
2424 2418 2607 2468 habere
2645 2417 2839 2479 debeat,

262 2500 434 2545 varios
476 2512 734 2545 connexus
771 2503 867 2544 etc.
919 2497 1077 2543 onmia
1107 2497 1209 2558 jam
1245 2513 1395 2561 supra
1431 2497 1766 2547 Lucretianae
1802 2501 1975 2548 rationi
2012 2487 2292 2566 repugnare
2336 2500 2654 2551 ostendimus.
2725 2499 2839 2548 Hoc

263 2593 406 2625 uuum
435 2576 766 2625 adnotandum
791 2574 1019 2635 videtur,
1054 2575 1338 2627 Lambinum
1372 2578 1608 2627 hocloco
1644 2578 1893 2627 formulis:
1928 2583 2101 2630 multis
2130 2582 2368 2646 partibus
2404 2588 2613 2632 anctum
2646 2596 2757 2630 esse
2790 2583 2842 2629 et

259 2660 314 2708 in
343 2660 536 2708 mullas
567 2665 748 2724 partes
782 2659 956 2707 secari
985 2672 1152 2721 posse,
1185 2662 1237 2705 ut
1271 2659 1314 2705 si
1349 2658 1575 2722 ejusdem
1608 2662 1883 2710 sententiae
1908 2668 2092 2722 essent,
2127 2664 2402 2728 promiscue
2423 2664 2508 2724 uti,
2543 2676 2670 2727 quae
2690 2661 2840 2726 plane

264 2738 497 2789 diversae
542 2747 681 2800 suut,
737 2753 947 2802 namque
982 2737 1245 2802 primordia
1287 2739 1452 2788 multis
1487 2741 1577 2788 illa
1612 2741 1802 2804 quidem
1850 2737 2070 2808 partibus
2105 2749 2332 2794 constant
2383 2745 2495 2794 sive
2530 2749 2678 2792 aucta
2711 2747 2840 2803 sunt,

263 2826 318 2866 ut
353 2835 500 2884 supra
536 2819 867 2879 ostendimus,
904 2810 999 2866 sed
1035 2832 1195 2881 neque
1231 2819 1423 2868 illarum
1461 2827 1709 2871 conventu
1746 2824 2012 2873 conciliata
2046 2832 2159 2874 suut
2193 2825 2268 2889 (v.
2299 2824 2445 2886 612.)
2480 2840 2640 2890 neque
2675 2824 2839 2873 secari

264 2900 312 2945 iu
350 2913 440 2946 eas
476 2907 676 2964 propter
721 2899 1025 2948 soliditatem
1062 2906 1282 2962 possunt.
1381 2903 1518 2950 Dicit
1570 2918 1719 2967 porro
1763 2903 2053 2966 Lambinus,
2111 2908 2270 2955 omnia
2313 2908 2360 2954 in
2407 2908 2622 2954 minimas
2668 2912 2837 2970 partes

260 2977 455 3027 resolvi
491 2979 658 3028 solere
694 2985 894 3040 natura,
953 2993 1052 3051 nou
1088 2977 1316 3027 infinitas.
1417 2981 1527 3032 Sed
1576 2990 1830 3048 utrumque
1877 2984 2153 3049 negandum
2199 2986 2312 3047 suit3
2371 3002 2465 3035 non
2513 2988 2561 3033 in
2605 2987 2836 3046 minimas,

262 3058 438 3107 nedum
474 3060 523 3107 in
559 3058 770 3108 infinitas
806 3065 974 3125 partes
1008 3063 1199 3122 natura*
1221 3067 1423 3110 cunctas
1460 3079 1540 3113 res
1576 3063 1808 3117 resolvit.
1889 3066 2114 3117 Infinitae
2149 3073 2307 3116 autem
2345 3072 2514 3134 partes
2547 3081 2577 3116 e
2610 3066 2834 3115 Lucretii

261 3141 506 3187 sententia
529 3155 593 3189 ne
617 3140 826 3204 cogitari
865 3139 1055 3203 quidem
1091 3146 1324 3205 possunt,
1361 3159 1500 3207 quum
1538 3145 1800 3196 absurdum
1836 3149 1902 3196 sit
1922 3147 2164 3196 dimidiam
2199 3155 2384 3215 partem
2420 3163 2613 3213 semper
2647 3154 2836 3213 partem

260 3218 506 3268 dimidiam
542 3220 729 3270 habere
765 3219 937 3282 (620),
973 3222 1193 3270 minimae
1230 3236 1354 3270 vero
1390 3233 1557 3289 partes
1592 3228 1713 3278 illae
1746 3228 1937 3293 quidem
1975 3232 2246 3291 exsistunt,
2298 3230 2391 3280 sed
2435 3232 2505 3279 ita
2550 3228 2612 3278 ab
2659 3230 2834 3307 atomis

262 3305 313 3350 et
347 3316 378 3350 a
413 3315 471 3351 se
505 3295 715 3350 invicem
751 3300 983 3362 haerent,
1040 3305 1092 3348 ut
1126 3302 1306 3352 revelli
1344 3307 1480 3356 nullo
1519 3310 1661 3360 modo
1697 3312 1889 3378 possint
1925 3311 1998 3376 (v.
2025 3311 2162 3374 6⁰9).
