3096 3830
1485 152 1560 211 16

218 318 368 386 qnod
403 317 538 387 baud
572 320 681 368 scio
713 333 797 366 au
809 314 1013 380 reliquis
1046 316 1284 381 praestet.
1339 311 1452 364 Sed
1485 311 1702 362 ιίἰοιιιιιιι
1724 309 1807 358 sit-
1818 306 2102 374 judiciuin,
2129 310 2238 363 boc
2254 316 2458 367 constat
2490 316 2815 382 synonymum

214 379 440 470 aliquod
475 400 656 463 requiri
689 376 757 446 ad
778 398 1107 462 concilioque.
1162 395 1317 453 Dicit
1330 399 1492 445 autem
1519 398 1698 460 poeta:
1732 390 1800 443 Si
1822 391 2125 442 animalculoe
2140 395 2383 459 quedem
2406 394 2636 455 sensibus
2662 402 2816 462 ρηο-

240 482 346 532 dita
380 485 494 529 suut
526 477 812 547 primordia,
845 475 968 525 nihil
1002 491 1184 525 eorum
1206 477 1598 539 congregatione
1630 478 1799 538 potest
1832 472 1965 533 fieri,
2010 474 2106 522 nisi
2142 489 2381 526 acervus
2396 475 2815 537 animalculorum,

215 578 333 612 ,uon
380 576 526 611 uuum
569 557 774 624 aliquod
827 557 1030 616 animal,
1085 559 1216 607 sicut
1261 554 1541 622 complures
1574 554 1819 614 homines,
1874 558 2125 614 armenta,
2177 554 2345 619 ferae,
2392 560 2442 607 ιιι
2472 575 2620 609 unum
2654 555 2818 607 locum

216 643 562 708 cougregati,
597 656 694 690 uon
731 640 953 690 efficiunt
988 654 1132 687 unam
1160 639 1379 703 'aliquam
1415 643 1662 698 naturam,
1709 635 1802 705 sed
1836 635 2036 702 globum
2070 652 2160 687 seu
2195 638 2382 687 turbant
2419 639 2684 702 homirnum,
2733 656 2817 687 ar-

216 728 535 784 ,nenton-um,
590 721 818 771 ferarum.
908 719 1052 781 Quae
1095 721 1319 785 quamvis
1362 719 1502 770 clara
1535 721 1657 778 sint,
1716 725 1875 767 tanen
1919 718 2213 784 interpretes
2258 721 2430 769 nescio
2474 720 2720 787 quomodo
2749 719 2818 768 de

219 806 588 872 *generat-ioue,
621 802 687 855 de
711 816 808 866 qua
844 808 996 869 poeta
1029 801 1128 851 hoc
1161 801 1277 851 loco
1312 817 1408 850 ιιοιι
1446 802 1714 866 cogitavit,
1747 813 2018 849 sermonem
2054 814 2170 849 esse
2204 807 2504 867 putaverunt
2537 807 2590 852 et
2621 816 2689 865 ex
2718 799 2819 850 bac
2851 868 2855 872 .

216 888 468 954 opinione
503 889 656 932 totum
692 881 857 932 locum
894 884 1198 932 constituere
1241 889 1354 930 sunt
1390 883 1579 940 conati,
1634 898 1664 951 a
1700 880 1874 944 quibus
1908 882 1955 928 in
1991 895 2206 930 errorem
2241 881 2481 932 inductus
2513 880 2818 933 clarissimus

233 965 538 1022 KuebeliuS‚
591 961 1056 1028 eximiusalioquiu
1093 968 1274 1029 poetae
1307 963 1462 1011 nostri
1498 962 1758 1027 interpres,
1794 962 1970 1010 vertit:

638 1059 705 1100 So
732 1059 820 1099 wie
849 1057 1100 1100 Meuschen
1128 1056 1215 1100 und
1243 1056 1422 1099 zahmes
1452 1057 1570 1101 Vieh
1598 1057 1688 1100 und
1719 1057 1882 1100 Tbiere
1920 1055 1998 1099 der
2029 1056 2254 1101 Wilduiss

641 1127 777 1172 Nicht
804 1128 877 1170 mit
906 1126 1117 1171 einander
1143 1129 1317 1185 vereint
1351 1127 1489 1171 durch
1519 1129 1747 1185 Zeugung
1774 1134 1918 1171 etwas
1958 1129 2199 1172 bewirkeu.

380 1217 541 1280 Cujus
577 1217 762 1265 errori·
797 1231 965 1263 ansam
1001 1212 1142 1263 dedit
1175 1215 1468 1276 Lambinus,
1522 1217 1601 1280 qui
1639 1215 1770 1280 quod
1812 1230 2012 1264 versum
2058 1215 2188 1277 923,
2246 1223 2298 1265 ut
2345 1219 2392 1264 in
2429 1214 2685 1265 codicibus
2720 1230 2816 1264 ex-

242 1297 463 1358 hibetur,
499 1312 650 1346 sensu
685 1311 861 1345 carere
896 1292 1220 1361 perspiceret,
1257 1296 1404 1344 alium
1441 1297 1528 1345 vel
1567 1314 1598 1344 a
1632 1312 1689 1344 se
1724 1311 1959 1346 excusum
1996 1297 2084 1347 vel
2118 1297 2321 1347 aliunde
2355 1297 2654 1358 desumtnm,
2705 1297 2817 1359 ejus

239 1378 357 1428 loco
392 1377 668 1428 substituit.
706 1379 752 1425 in
789 1375 988 1442 quo-de
1025 1378 1350 1440 generat-ione
1384 1393 1548 1427 sermo
1584 1384 1688 1437 est3
1724 1383 1802 1427 est
1837 1379 1963 1427 enim
1998 1376 2102 1426 hic:

746 1473 835 1515 Per
863 1473 1056 1516 Veneris
1086 1486 1185 1527 res,
1232 1478 1355 1516 extra
1385 1473 1582 1516 homines
1613 1478 1803 1516 armento,
1832 1473 2055 1529 serasque.

242 1561 353 1612 Sed
395 1563 685 1627 quicumque
722 1560 852 1609 liunc
899 1576 1095 1609 versum
1133 1561 1395 1620 confinxit,
1451 1578 1482 1609 a
1516 1561 1615 1610 loci
1651 1550 1842 1610 ratione
1878 1565 2008 1622 toto,
2063 1565 2115 1610 ut
2149 1562 2313 1625 ajunt,
2367 1562 2513 1612 coelo
2549 1560 2817 1610 aberravit.

240 1645 459 1708 Propius
495 1652 635 1690 certe
671 1642 735 1689 ad
770 1641 974 1690 codices
1010 1645 1227 1690 accessit
1264 1640 1666 1701 Wakefieldius,
1702 1644 1780 1705 qui
1818 1644 1887 1690 ita
1921 1642 2070 1705 legite

745 1736 826 1777 Sic
856 1735 1025 1788 itidem,
1078 1749 1166 1791 qua
1196 1729 1429 1788 sentimus,
1482 1737 1645 1777 sentire
1677 1748 1869 1778 necesse
1899 1743 1982 1777 est.

242 1823 354 1874 Sed
389 1839 452 1873 ne
488 1825 557 1873 ita
592 1821 784 1887 quidem
821 1837 998 1872 sensus
1042 1823 1221 1888 aliquis
1269 1821 1383 1872 huic
1422 1823 1535 1872 loco
1571 1831 1716 1889 aptus
1752 1816 1978 1872 exsistit.‘

383 1904 492 1954 Sed
529 1921 671 1969 quum
708 1905 753 1951 in
791 1904 1076 1963 codicibus,
1131 1910 1184 1952 ut
1221 1920 1372 1969 supra
1409 1904 1685 1970 posuimuS,
1739 1905 1809 1953 ita
1843 1902 2065 1969 legatur:

754 1999 898 2040 Sicuti
931 1999 1122 2053 denique
1152 2001 1387 2052 sentimus,
1425 2000 1589 2041 sentire
1619 2011 1812 2041 neccsse
1841 1992 1915 2040 est
1940 2032 1950 2042 .
1983 2029 1994 2038 .

241 2088 468 2151 equidem
504 2103 599 2134 ιιοιι
645 2085 972 2133 dubitaverim
1021 2085 1149 2134 hunc
1186 2086 1345 2134 locum
1383 2087 1428 2133 in
1478 2087 1537 2134 iis
1574 2102 1854 2145 numerare,
1909 2084 2083 2151 quibus
2119 2085 2329 2135 lacunae
2364 2084 2659 2135 statuendae
2693 2087 2819 2147 sint3

242 2184 366 2232 quos
415 2169 463 2213 in
510 2167 734 2214 Lucretii
783 2165 1040 2214 codicibus
1087 2182 1180 2214 non
1227 2182 1415 2230 paucos
1462 2182 1578 2216 esse
1620 2166 1912 2230 Madvigius
1966 2167 2014 2214 in
2062 2168 2467 2233 commentatione
2512 2183 2663 2233 supra
2706 2166 2820 2217 lau-

243 2247 363 2296 data
399 2246 635 2297 ostendit.
726 2246 951 2306 Quatuor
986 2249 1110 2295 enim
1157 2247 1257 2294 illis
1304 2246 1535 2295 versibus
1583 2247 1680 2295 919
1711 2276 1770 2282 —
1802 2246 1904 2297 922
1949 2251 2281 2311 argumentum
2318 2263 2350 2295 a
2382 2253 2530 2296 coetu
2577 2247 2821 2298 concilio-

244 2344 340 2393 que
376 2330 666 2376 animantum
703 2329 903 2392 peti'tum
940 2327 1246 2387 absolvitur,
1304 2342 1455 2375 versu
1492 2336 1651 2376 autem
1689 2327 1788 2376 923
1835 2345 2014 2377 novum
2049 2334 2407 2392 argumentum,
2459 2330 2603 2392 cujus
2637 2345 2820 2377 summa

242 2408 504 2475 deperdita
541 2412 650 2468 est,
713 2409 932 2472 incipere
969 2407 1056 2456 vel
1110 2407 1355 2472 particula
1403 2395 1632 2474 denique'
1669 2407 1855 2457 docere
1904 2415 2114 2475 poterat.
2186 2408 2315 2469 Quid
2347 2415 2506 2456 autem
2551 2412 2821 2475 argumenti

243 2491 362 2538 novi
402 2489 497 2538 hoc
533 2488 649 2537 loco
686 2487 958 2547 exciderit,
1020 2485 1119 2537 hoc
1154 2487 1340 2536 docere
1376 2503 1472 2536 non
1510 2487 1711 2537 videtur
1745 2491 1899 2538 nostri
1936 2488 2087 2538 officii
2124 2504 2263 2550 esse,
2320 2504 2480 2554 neque
2515 2492 2559 2537 ei
2595 2490 2823 2555 proclive

248 2570 508 2630 videatur,
556 2571 633 2634 qui
671 2570 892 2618 Lucretii
932 2571 977 2617 in
1014 2585 1111 2618 una
1147 2569 1418 2634 eademque
1457 2584 1511 2619 re
1548 2569 1805 2636 probanda
1840 2569 2112 2621 ubertatem
2149 2568 2463 2636 cognoverit.

374 2812 552 2861 Eidem
588 2820 985 2877 argumentorum
1021 2814 1169 2862 seriei
1211 2831 1258 2862 v.
1294 2813 1389 2862 991
1429 2832 1469 2863 s.
1507 2832 1546 2862 s,
1582 2814 1964 2880 explicationem
2001 2814 2240 2878 aliquam,
2296 2830 2392 2878 qua
2435 2820 2584 2864 totam
2621 2812 2686 2863 de
2721 2815 2823 2880 pri·-

244 2892 448 2939 mordiis
484 2893 762 2956 doctrinam,
811 2895 1098 2953 concludit,
1145 2904 1295 2960 poeta
1357 2897 1597 2951 annectit,
1654 2904 1883 2959 repetens
1940 2903 1990 2942 et
2025 2910 2161 2944 novo
2194 2900 2482 2958 argumento
2517 2895 2825 2957 confirmans,

222 2971 384 3038 quod
423 2973 572 3038 paulo
608 2983 723 3023 ante
759 2974 1030 3035 docuerat,
1076 2977 1123 3023 in
1160 2974 1429 3041 primordia
1463 2975 1707 3035 colorem,
1743 2989 1968 3035 sensum,
2013 2968 2238 3037 odorem,
2284 2975 2460 3025 similia
2494 2975 2825 3026 nowcadere.

247 3053 321 3102 lbi
358 3053 490 3101 alius
527 3054 670 3102 locus
705 3056 913 3120 legitur,
980 3057 1042 3104 ab
1080 3056 1353 3105 editoribus
1403 3064 1587 3104 temere
1624 3062 1840 3105 vexatus
1875 3063 1926 3104 et
1959 3057 2021 3105 ab
2057 3059 2167 3124 ipso
2204 3058 2444 3113 Lambino
2479 3056 2823 3123 itadespera-

241 3139 349 3193 tus,
404 3140 456 3181 ut
508 3141 612 3183 tres
647 3139 906 3184 continuos
952 3152 1133 3185 versus
1177 3135 1534 3183 1009—1011
1586 3136 1862 3199 ejiciendos
1911 3136 2041 3186 haud
2079 3138 2293 3214 obscufe
2338 3140 2583 3197 innueret,
2636 3139 2683 3184 iu
2726 3153 2823 3202 quo

244 3216 552 3264 recentiores
600 3214 825 3265 editores
874 3218 945 3264 illi
992 3215 1187 3281 quidem
1237 3231 1343 3265 eum
1390 3232 1485 3265 non
1536 3225 1648 3266 sunt
1701 3221 1889 3279 secuti,
1941 3219 2034 3268 sed
2070 3226 2229 3270 tamen
2266 3221 2603 3284 conjecturam
2639 3218 2826 3282 aliquot

238 3301 462 3344 veterum
501 3296 738 3345 librorum
773 3299 1122 3364 impressorum
1166 3297 1490 3359 admiserunt,
1526 3315 1621 3362 qua
1656 3301 1809 3347 onmis
1846 3300 1945 3349 loci
1983 3298 2108 3351 ratio
2143 3301 2470 3368 perturbatur.
