3096 3830
185 283 447 338 m'htioue
440 297 547 353 η
571 280 1997 350 &mundabis-2⁹92?-
2020 283 2443 352 m*
2442 288 2758 356 Μ

186 350 506 433 ..Μ
507 360 1076 432 passaw-‚w
1097 361 1256 431 pvb
1275 359 1764 428 What,
1780 363 2746 435 38&wa

185 441 1516 515 *sammoni-amusan
1549 446 1790 511 ‘pus-
1846 444 1967 497 flue
1990 445 2757 500 ade-finam

185 525 424 589 mabit,
441 523 2754 594 pausenmmmmpwmmoewbmm

193 897 199 900 .
289 850 462 912 Quos
492 811 691 905 adbuc
709 830 874 897 loeas
880 788 1211 921 emendasse
1240 780 1726 913 nobie-vitiemur,
1713 860 1832 896 eos
1845 862 1998 914 prope
2029 809 2756 916 &maianus-tiana-

190 932 491 999 viavit-us,
504 933 634 980 sust
648 931 824 979 autem
831 926 1095 998 etia-2018
1117 942 1217 983 aas
1236 928 1415 994 pacis,
1447 927 1700 993 him-ibus
1732 926 1855 978 nihil
1888 929 2065 987 auxilii
2092 945 2144 979 a
2151 928 2430 985 eufiffias
2426 932 2551 998 peti
2568 932 2757 999 peut.

192 1012 290 1080 Qui
321 1017 430 1063 aut
426 1012 556 1077 eju
587 1003 1568 1078 geuermueedicmleutioaps'qte
1586 1011 1943 1076 compatet,
1956 1011 2755 1079 “itemqu-fl

191 1093 344 1158 primo
389 1090 632 1158 adspectu
676 1091 835 1139 omnia
878 1104 1002 1138 sana
1035 1087 1326 1151 videantur,
1378 1088 1550 1155 paullo
1583 1094 1746 1139 autem
1791 1091 2073 1140 accuratius
2113 1089 2446 1142 consideranti
2492 1092 2750 1160 deprava-

192 1173 371 1222 tionem
405 1171 615 1222 subesse
648 1173 903 1252 appareat.

325 1267 494 1331 Atque
526 1265 675 1329 hujus
720 1264 913 1329 quidem
951 1265 1152 1328 generis
1186 1263 1593 1329 depravationem
1639 1264 1736 1323 IV,
1770 1280 1822 1313 v.
1848 1262 1948 1311 148
1980 1263 2094 1312 milii
2128 1262 2519 1330 deprehendisse
2563 1266 2755 1316 videor.

197 1346 481 1415 occupatur
501 1352 662 1396 autem
685 1349 836 1412 poeta
855 1345 1010 1411 primo
1027 1342 1125 1415 hoc
1147 1342 1314 1394 libro
1298 1360 1347 1393 ιιι
1330 1340 1668 1426 exponenda
1685 1343 2054 1394 simulacrorum
2079 1343 2320 1405 doctrina,
2348 1361 2475 1410 quae
2493 1348 2542 1395 in
2564 1349 2756 1398 ratione

195 1427 443 1495 Epicurea
474 1427 670 1477 maximi
712 1427 939 1475 momenti
971 1431 1064 1475 est.
1141 1417 1328 1490 Neque
1355 1438 1484 1474 vero
1527 1414 1605 1473 me
1602 1416 1790 1490 fugit,
1841 1426 2034 1490 quantis
2079 1423 2451 1475 difficultatibus
2497 1432 2631 1477 totus
2665 1426 2748 1478 hic

191 1507 333 1558 locus
355 1507 615 1575 impeditus
638 1509 728 1567 sit,
761 1522 884 1572 quas
904 1520 1127 1572 magnam
1150 1510 1337 1572 partem
1357 1520 1389 1554 e
1410 1504 1604 1554 lacunis
1623 1511 1761 1554 ortas
1784 1520 1901 1554 esse
1922 1507 2222 1572 putaverim,
2255 1506 2347 1555 sed
2380 1522 2470 1556 eas
2503 1505 2601 1557 hoc
2625 1514 2753 1557 tem-

194 1605 316 1656 pore
341 1606 437 1640 non
472 1589 610 1639 lubet
641 1589 903 1653 attingere.
971 1587 1118 1637 Haec
1151 1592 1333 1636 tantum
1366 1585 1657 1637 adnotemus
1674 1623 1688 1647 ,
1723 1603 1756 1636 a
1778 1603 1830 1637 v.
1860 1584 1958 1636 145
1982 1586 2048 1637 de
2083 1585 2231 1638 rebus
2264 1586 2529 1654 pellucidis
2563 1595 2616 1639 et
2647 1604 2747 1639 nou

194 1670 456 1735 pellucidis
488 1676 539 1720 et
569 1683 922 1720 earumecausa
954 1682 1070 1718 esse
1103 1671 1399 1729 sermonem,
1435 1669 1484 1716 in
1519 1667 1667 1717 rebus
1689 1673 1854 1717 autem
1889 1666 2175 1733 pellucidis.
2190 1667 2257 1718 de
2290 1670 2376 1730 iis,
2413 1684 2542 1734 quae
2573 1671 2752 1735 imagi-

197 1764 303 1800 nem
338 1754 590 1817 acceptam
624 1749 878 1815 rejiciant,
914 1761 1136 1813 quaeqne
1167 1763 1264 1799 non
1294 1749 1538 1813 rejiciant.
1607 1747 1774 1813 Atque
1807 1747 1934 1797 haec
1969 1748 2039 1796 ita
2073 1745 2326 1798 dicunture

695 1843 880 1899 Semper
907 1842 1019 1885 enim
1046 1853 1249 1885 summum
1278 1841 1490 1898 quidquid
1518 1840 1576 1884 de
1604 1841 1738 1884 rebus
1766 1840 1973 1894 abundat,

699 1913 828 1967 Quod
852 1913 1127 1969 jaculentur5
1154 1919 1199 1955 et
1225 1912 1333 1967 hoc,
1360 1913 1472 1956 alias
1501 1925 1629 1968 quum
1656 1913 1859 1967 pervenit
1885 1913 1931 1954 in
1959 1923 2048 1964 res,

696 1985 899 2039 Transit,
940 1990 988 2027 ut
1015 1984 1216 2039 imprimis
1243 1988 1425 2035 mles„-
1462 1983 1546 2026 sed
1573 1983 1647 2025 ubi
1675 1995 1835 2038 aspera
1863 1994 1977 2025 saxa

688 2055 781 2099 Aut
808 2057 854 2098 in
880 2054 1097 2098 materiem
1124 2055 1232 2111 ligni
1260 2054 1484 2110 pervenit,
1528 2054 1590 2097 ibi
1612 2056 1701 2109 jam

695 2125 943 2180 Scinditur,
970 2131 1018 2170 ut
1044 2126 1205 2170 nullum
1232 2125 1502 2170 simulacrum
1529 2123 1717 2169 reddere
1743 2124 1898 2180 possit.

692 2197 755 2239 At
784 2209 909 2252 quum
924 2227 938 2251 ,
966 2196 1197 2252 splendida
1226 2209 1340 2252 quae
1369 2201 1594 2250 coustant,
1621 2200 1809 2252 opposta
1836 2194 2022 2247 fuerunt,

695 2267 953 2325 Deusaque,
980 2271 1028 2310 ut
1056 2267 1249 2326 inprimis
1278 2267 1503 2334 speculum
1531 2272 1602 2310 est
1615 2296 1629 2322 ,
1655 2264 1775 2309 nihil
1791 2264 1954 2307 accidit
1980 2263 2151 2306 horum:

691 2338 802 2381 Nam
830 2351 997 2395 neque,
1028 2341 1089 2382 nti
1116 2344 1294 2395 eutem,
1337 2343 1529 2395 possunt
1555 2338 1741 2380 transire
1769 2336 1862 2380 rell.

319 2447 396 2496 Ita
430 2446 633 2497 codices
663 2449 978 2514 manuscripti
1012 2454 1064 2498 et
1092 2446 1314 2497 editores
1348 2462 1498 2497 sensu
1529 2446 1794 2513 perspicuo
1828 2442 1957 2493 hunc
1992 2442 2152 2492 locum
2183 2435 2433 2487 exhibent.
2482 2435 2593 2489 Sed
2618 2451 2749 2502 quae

193 2527 407 2594 exempli
441 2543 595 2578 causa
639 2530 841 2579 affertur
872 2533 1048 2590 vestis,
1099 2544 1209 2578 num
1244 2543 1307 2578 ea
1353 2529 1478 2577 satis
1513 2526 1746 2592 quadret,
1798 2524 1983 2574 dubito.
2064 2521 2298 2572 Vestisne
2342 2520 2468 2568 enim
2502 2521 2750 2590 proprium

190 2614 290 2669 est,
323 2612 378 2655 ut
410 2607 663 2673 pellucida
687 2609 789 2658 sit?
835 2610 1036 2658 Minime
1068 2624 1210 2670 vero,
1244 2609 1288 2656 si
1322 2607 1437 2673 quid
1472 2606 1654 2668 video,
1688 2606 1782 2655 sed
1805 2608 1950 2664 vitri,
1985 2610 2038 2652 ut
2070 2605 2179 2668 ipse
2212 2601 2477 2649 Lucretius
2511 2617 2563 2650 v.
2581 2599 2749 2651 wath.

188 2691 340 2756 ipsius
356 2688 465 2736 libri
487 2695 538 2739 et
554 2691 645 2752 VI,
669 2690 765 2740 991
792 2695 1025 2751 testatur3
1048 2705 1200 2754 quare
1223 2694 1431 2754 utroque
1453 2687 1569 2737 loco
1588 2692 1638 2736 et
1661 2704 1713 2737 v.
1731 2684 1830 2734 148
1850 2690 1966 2734 etv.
1986 2682 2082 2733 153
2105 2685 2289 2732 vitrum
2309 2696 2397 2746 pro
2420 2687 2607 2732 vestem
2628 2685 2752 2747 puto

189 2767 551 2820 rescribendum
577 2786 705 2820 esse.
756 2771 896 2832 Quae
920 2772 1120 2820 mutatio
1144 2785 1206 2819 eo
1226 2768 1425 2818 facilior
1443 2769 1550 2827 erit,
1578 2783 1719 2832 quum
1736 2765 1988 2815 literarum
2009 2761 2185 2813 ductus
2209 2776 2305 2810 non
2324 2760 2522 2810 multum
2539 2763 2669 2810 inter
2693 2776 2751 2810 se

193 2849 445 2910 differant3
481 2864 640 2915 neque
663 2849 889 2901 codicum
922 2864 1194 2901 consensus
1230 2850 1279 2897 in
1310 2847 1526 2897 lectione
1557 2852 1745 2897 vestem
1779 2859 2063 2920 quemquam
2095 2843 2232 2890 nimis
2267 2840 2418 2891 debet
2443 2854 2672 2901 movere,
2706 2843 2751 2889 Si

188 2945 358 2980 verum
393 2935 494 2989 est,
536 2930 669 2994 quod
701 2930 992 2995 Madvigius
1026 2936 1142 2996 post
1177 2928 1415 2981 Orellium
1450 2925 1694 2988 ostendit,
1746 2926 1906 2975 omnia
1938 2921 2273 2988 exemplaria,
2307 2935 2436 2986 quae
2469 2927 2748 2987 supersunt,

187 3025 255 3059 ex
288 3024 383 3057 uno
417 3008 582 3072 aliquo
618 3026 777 3074 eoque
808 3010 1029 3076 pluribus
1064 3010 1192 3060 locis
1212 3023 1382 3059 manco
1411 3012 1566 3070 atque
1600 3009 1831 3070 corrupto
1865 3009 1917 3052 et
1949 3001 2015 3051 ad
2039 2998 2305 3065 legendum
2341 2998 2533 3049 difficili
2568 3000 2750 3060 codice

190 3089 463 3156 archetypo
497 3089 716 3144 fluxisse.

325 3187 505 3251 Neque
531 3202 656 3238 vero
692 3205 798 3236 sum
832 3188 1056 3247 nescius,
1091 3167 1377 3234 Lambinum
1412 3183 1539 3231 hanc
1573 3189 1758 3232 vestem
1792 3179 1855 3227 de
1880 3178 1991 3228 Coa
2025 3182 2172 3226 veste
2207 3176 2389 3225 dictam
2422 3185 2625 3244 putare,
2661 3175 2753 3225 sed

188 3269 230 3316 si
257 3270 324 3316 ita
349 3272 496 3334 poeta
531 3269 743 3334 intelligi
770 3267 946 3327 voluit,
981 3265 1078 3315 hoc
1112 3268 1158 3314 ei
1192 3263 1503 3313 indicandum
1536 3264 1641 3311 fuit.
1691 3262 1872 3318 Nemo,
1908 3260 1992 3322 qui
2030 3255 2224 3384 qualem
2260 3272 2319 3306 se
2353 3259 2564 3323 intelligi
2596 3256 2752 3317 volet,
