3096 3830
1519 150 1591 212 12

256 311 337 360 dia
364 311 580 361 dissolvi
619 328 713 360 non
750 326 915 377 posse.
984 312 1141 371 Quam
1176 326 1277 361 rem
1312 311 1597 377 quum-inde
1630 328 1662 360 a
1695 327 1846 362 versu
1877 310 1981 362 530
2007 313 2341 379 compluribus
2374 314 2828 380 argumenti-ipro-

259 392 458 453 basset,
510 399 561 440 ut
608 391 801 441 duobus
849 393 996 441 novis
1037 394 1344 457 argumentis
1396 393 1621 453 fulciret,
1656 393 1945 444 doctrinat-v
1975 392 2041 442 de
2074 397 2283 445 ιηἠἁιιο
2316 388 2855 463 (ἐλαχέοάψΕρίωεί)

261 474 552 538 interposuit
580 471 698 520 inde
728 488 759 521 a
797 472 1098 541 versufiw.
1126 517 1130 522 .
1166 472 1237 522 Et
1271 474 1406 538 prins
1442 474 1638 538 quidem
1679 479 2013 539 argumentum
2047 473 2409 541 inde‘petitun·
2437 475 2697 542 est'qquod
2732 476 2836 543 'pri-

255 552 470 612 mordia,
520 568 663 617 quum
713 561 896 618 partes
941 556 1205 614 minimae,
1258 560 1433 621 utpote
1465 556 1615 605 nullis
1650 554 1870 621 partibus
1906 553 2182 621 praeditae,
2210 570 2409 622 permane
2461 563 2695 616 constare
2740 573 2834 608 non

251 645 457 700 possent
497 633 712 701 ideoque
754 632 988 704 alicunde
1021 633 1233 684 haerere
1268 633 1536 696 deberent,
1597 635 1812 686 dissolvi
1857 651 1953 685 non
1990 644 2209 702 possent.
2263 636 2677 701 (ew-ota}
2707 642 2842 690 llus

251 721 413 765 autem
467 721 639 783 partes
680 718 924 775 minimas,
986 715 1139 765 nullis
1196 716 1404 783 amplius
1448 716 1668 783 partibus
1715 715 1994 783 praeditas,
2061 731 2184 766 vere
2216 720 2509 769 statuendas
2555 724 2671 769 esse
2713 717 2835 786 pross-

254 797 397 846 batur
432 815 484 848 v.
511 797 608 846 615
644 823 704 834 -
742 796 857 846 628.
948 847 950 849 .

389 879 515 927 Tum
568 877 777 927 alterum
832 884 1166 943 argumentum
1204 879 1418 936 affertur,
1473 893 1503 927 e
1537 877 1765 927 doctriua
1801 878 1866 927 de
1897 879 2136 945 partibus
2185 882 2404 930 vuintonia
2437 883 2665 947 petitum,
2708 881 2834 948 (629

252 989 312 996 —
358 957 497 1019 635.)
585 959 787 1008 Partes
821 961 947 1009 enim
993 962 1227 1008 minimus
1281 959 1425 1019 dicit,
1477 960 1520 1007 si
1568 958 1760 1023 quidem
1804 962 1855 1009 in
1902 974 2020 1019 eas,
2056 975 2152 1009 non
2198 961 2249 1008 in
2282 966 2489 1024 atomos,
2538 978 2619 1013 res
2662 960 2826 1015 resol-

249 1047 489 1091 verentur
523 1039 604 1102 (id
638 1040 771 1105 qnod
806 1041 974 1100 fieret,
1009 1043 1051 1088 si
1089 1039 1351 1106 primordia
1386 1042 1548 1090 secari
1585 1048 1840 1106 possent),
1895 1058 1992 1090 non
2035 1041 2146 1089 fore
2193 1047 2337 1106 aptas
2381 1041 2447 1089 ad
2485 1059 2565 1091 res
2600 1046 2828 1094 reficien-

251 1122 370 1182 daS,
434 1123 617 1188 quippe
668 1135 820 1185 quae,
876 1120 1097 1187 partibus
1145 1128 1401 1182 carentes,
1465 1137 1558 1171 non
1619 1123 1688 1170 ita
1755 1127 2073 1189 comparatae
2136 1131 2330 1183 essent,
2387 1128 2440 1172 ut
2493 1127 2664 1174 varios
2709 1141 2832 1176 con·

250 1218 437 1264 nexus,
472 1201 723 1269 pondera,
777 1202 958 1268 plagas
1005 1193 1279 1253 efficerent.
1359 1203 1511 1268 Atqui
1548 1204 1594 1250 in
1630 1209 1881 1252 aeternum
1927 1220 1994 1252 ex
2037 1207 2242 1253 materia
2294 1206 2621 1254 resolutarum
2669 1220 2829 1254 rerum

251 1299 334 1334 res
371 1283 677 1346 reficiuntur,
713 1298 866 1348 quare
910 1298 1006 1333 non
1042 1290 1251 1349 possunt
1284 1299 1366 1334 res
1412 1285 1458 1332 in
1507 1291 1690 1349 partes
1721 1288 1958 1334 nviuimus
1988 1284 2212 1350 resolvi3
2272 1301 2394 1352 ergo
2430 1286 2749 1335 resolvuntur
2782 1290 2828 1336 in

252 1364 544 1432 primordia,
578 1379 706 1430 quae
742 1366 853 1431 ipsa
894 1366 998 1429 ‚jam
1044 1381 1141 1415 non
1190 1364 1400 1432 amplius
1447 1365 1790 1426 resolvuntur,
1836 1366 1886 1414 id
1931 1366 2065 1430 quod
2112 1374 2220 1414 erat
2263 1365 2582 1431 probandum.

385 1447 480 1506 Qui
518 1461 694 1497 sensns
733 1463 876 1511 qnnm
913 1448 1096 1513 optime
1130 1463 1188 1496 se
1222 1446 1405 1496 habeat
1452 1449 1636 1512 totique
1679 1445 1828 1510 hujus
1862 1447 1961 1496 loci
2008 1450 2286 1496 sententiae
2318 1447 2828 1511 conveniam-nullum

249 1527 596 1576 mutationibus
653 1528 732 1577 hic
759 1530 908 1577 ‘esse
957 1529 1117 1577 locum
1177 1529 1457 1594 apparebit,
1507 1542 1754 1592 versuque
1809 1526 1908 1578 629
1963 1526 2227 1593 legendum
2285 1542 2427 1576 esse:
2492 1527 2728 1593 Denique
2785 1532 2833 1579 si

251 1611 516 1668 mittimus,
565 1617 614 1658 et
651 1627 702 1658 v.
741 1609 855 1658 632.
889 1627 1021 1674 qmae
1053 1613 1212 1658 nullis
1245 1617 1368 1658 avent
1397 1611 1635 1674 partibus
1670 1615 1841 1657 aucta.
2580 1618 2592 1628 ¹

387 1687 479 1738 Sin
516 1695 676 1738 autem
711 1692 818 1754 quis
852 1689 980 1738 haec
1015 1692 1173 1738 omnia
1209 1706 1376 1756 parum
1429 1689 1566 1737 firmo
1609 1688 1928 1738 fundamento
1981 1690 2065 1737 niti
2118 1687 2335 1754 putabit,
2391 1688 2523 1753 quod
2581 1687 2646 1738 dc
2691 1690 2823 1756 opti-

251 1787 434 1820 morum
472 1769 696 1819 codicum
732 1771 976 1832 lectione,
1025 1785 1158 1837 quae
1193 1778 1271 1819 est
1308 1772 1645 1838 Havercampi
1694 1772 1742 1821 in
1789 1769 2054 1820 afferendis
2091 1769 2386 1820 lectionibus
2430 1786 2528 1819 non
2586 1786 2698 1841 rara
2741 1786 2830 1821 so-

253 1852 451 1913 cordia,
488 1869 583 1900 non
618 1853 768 1918 plane
803 1860 1000 1903 constet
1022 1881 1078 1889 -—
1113 1868 1402 1917 quanquam,
1438 1854 1516 1915 qni
1545 1854 1706 1901 omnia
1732 1851 2064 1917 perpenderit,
2099 1867 2207 1900 eum
2230 1866 2326 1900 non
2349 1850 2674 1900 dubitaturum
2694 1858 2827 1917 puto,

250 1936 362 1998 quin
384 1950 493 1982 cnm
521 1934 725 1997 reliquis
752 1936 1052 1982 conveniant
1074 1935 1152 1982 isti
1183 1932 1388 1982 codices
1411 1961 1472 1968 --
1497 1932 1570 1980 illi
1603 1931 1917 1996 cogitandum
1951 1946 2067 1981 esse
2102 1931 2232 1992 dico,
2268 1933 2419 1981 totius
2453 1932 2554 1981 loci
2589 1934 2825 1981 rationem

251 2029 313 2063 ac
349 2030 527 2063 nexum
564 2017 748 2063 clarum
797 2014 1092 2080 planumque
1148 2029 1263 2063 esse
1319 2028 1477 2077 neque
1524 2013 1672 2061 ullam
1717 2011 1972 2062 dubitandi
2006 2014 2257 2063 materiam
2303 2013 2606 2078 relinquere,
2644 2020 2694 2061 ut
2730 2029 2824 2062 non

250 2096 446 2142 multum
483 2095 708 2144 codicum
745 2097 1015 2144 auctoritas
1052 2096 1328 2158 requiratur
1361 2092 1579 2157 nihilque
1614 2107 1675 2141 ea
1712 2108 1869 2159 prope
1903 2095 2128 2143 momenti
2163 2093 2342 2142 afferre
2375 2096 2545 2160 possit.

391 2311 582 2372 Quodsi
620 2328 682 2360 eo
713 2312 855 2371 loco,
904 2327 1042 2374 quem
1081 2310 1226 2359 modo
1263 2312 1609 2370 tractavimus,
1666 2309 1956 2376 particulam
1991 2313 2039 2358 si
2069 2311 2265 2371 invitis,
2316 2315 2369 2357 nt
2407 2309 2629 2371 videtur,
2679 2309 2818 2359 libris

252 2394 597 2458 manuscriptis
632 2394 679 2439 iu
711 2396 767 2440 m·
801 2392 863 2439 ab
899 2391 1173 2440 editoribus
1209 2406 1502 2440 conversam
1538 2391 1773 2451 vidimus,
1827 2391 1876 2437 in
1911 2388 2009 2440 hoc
2045 2392 2153 2459 ipso
2203 2391 2350 2440 ctiam
2403 2389 2529 2440 libro
2581 2377 2709 2441 alius
2744 2396 2823 2442 est

250 2474 422 2536 locuS,
475 2473 554 2522 ubi
591 2475 838 2522 sententia
871 2475 1002 2537 ipsa,
1061 2479 1112 2520 ut
1148 2472 1244 2520 hoc
1279 2473 1364 2520 vel
1400 2472 1781 2520 reclamantibus
1816 2471 1952 2519 libris
1989 2471 2098 2533 fiat,
2150 2471 2408 2541 efflagitet.
2505 2472 2661 2534 Quum
2697 2473 2821 2522 enim

250 2562 400 2621 poeta
438 2553 489 2602 id
524 2560 670 2619 agat,
707 2559 760 2602 ut
794 2554 1021 2602 Platonis
1057 2553 1358 2619 aliorumque
1393 2556 1642 2620 impugnet
1677 2551 1974 2613 doctrinam,
2024 2554 2183 2602 onmia
2238 2554 2287 2602 in
2344 2552 2549 2604 medium
2607 2555 2691 2603 niti
2728 2570 2821 2620 po-

254 2638 496 2695 nentium,
546 2635 662 2683 inde
693 2652 722 2682 a
761 2653 809 2683 v.
834 2634 966 2683 1⁰50
998 2637 1067 2682 ita
1104 2634 1223 2683 dicit
1258 2651 1287 2681 e
1324 2635 1538 2683 lectione
1573 2634 1796 2699 vulgari:

763 2735 876 2779 Illud
906 2738 950 2778 in
979 2737 1049 2777 his
1078 2736 1211 2776 rebus
1241 2736 1374 2792 louge
1405 2735 1511 2791 fuge
1543 2734 1744 2788 credere,
1788 2735 1974 2788 Memmi,

760 2809 810 2850 ln
841 2807 1022 2849 medium
1054 2817 1271 2857 summae,
1306 2805 1422 2862 qnod
1453 2804 1626 2858 dicunt,
1659 2807 1796 2847 omnia
1825 2808 1924 2858 niti,

757 2952 904 3006 Ipsum
934 2952 974 2992 si
1010 2948 1242 3006 quidquam
1284 2962 1424 3005 posse
1463 2950 1507 2991 in
1550 2961 1603 2991 se
1633 2950 1796 2990 sistere
1837 2947 2006 2999 credis;

761 3022 818 3063 Et
849 3034 964 3076 quae
994 3019 1192 3075 pondera
1221 3025 1324 3063 sunt
1354 3021 1438 3062 snb
1467 3021 1618 3073 terris,
1649 3020 1790 3061 omnia
1831 3031 2002 3061 sursum

768 3091 933 3146 Nitier,
976 3093 1020 3134 iu
1049 3082 1254 3148 terraque
1278 3098 1395 3135 retro
1423 3092 1709 3147 requiescere
1736 3096 1891 3146 posta3

767 3161 824 3203 Ut
852 3176 930 3215 per
960 3176 1101 3218 aquas
1131 3177 1246 3220 quae
1274 3177 1391 3207 nuuc
1420 3176 1559 3205 rerum
1588 3163 1820 3205 simulacra
1848 3161 2074 3206 videmus:

768 3233 826 3274 Et
855 3235 984 3275 simili
1012 3236 1177 3277 ratione
1208 3236 1405 3277 animalia
1435 3246 1579 3289 suppa
1608 3234 1763 3290 vagari

771 3305 1077 3360 Contendunt,
1107 3307 1183 3346 rel.
