3096 3830
1449 128 1489 182 6

183 285 396 335 ullarum
453 300 612 341 rerum
656 283 925 334 conciliata
971 298 1103 334 esse.
1194 284 1305 335 Sed
1359 299 1503 350 quum
1561 280 1628 332 de
1679 282 1922 335 nullarum
1975 299 2137 335 rerum
2180 290 2459 348 conventu,
2512 298 2546 334 e
2593 280 2769 346 quibus

184 357 452 434 primordia
513 371 624 415 orta
677 366 803 426 sint,
870 367 1086 430 cogitari
1160 366 1319 430 possit
1390 365 1485 413 nisi
1552 364 1900 430 particularum
1965 367 2284 429 minimarum,
2351 366 2449 418 boe
2506 362 2769 416 dicendum

187 454 325 509 erat,
375 459 529 511 quare
579 452 666 496 aut
719 447 932 497 mrum
1004 443 1308 494 retinendum
1365 450 1416 495 et
1465 458 1558 511 per
1613 443 1834 512 synesin
1903 444 1993 495 ad
2015 448 2255 512 partibus
2308 450 2526 498 minium
2568 463 2619 498 v.
2663 444 2765 495 600

186 526 520 590 referendum,
587 526 639 576 id
691 526 825 592 quod
859 525 1127 577 Siebelisio
1183 526 1352 594 placet
1401 525 1635 588 [Quaest.
1678 526 1882 577 Lucret.
1934 541 2048 593 pag.
2095 526 2243 590 46⁶²)
2294 533 2405 591 aut,
2450 528 2584 594 quod
2632 525 2767 578 haud

187 611 294 661 scio
328 625 393 658 an
427 614 681 675 praestet,
732 607 868 656 sacili
924 607 1065 655 unius
1109 607 1288 660 literae
1324 609 1590 658 mutatione
1635 623 1726 673 pro
1760 610 1966 658 illorum
1998 610 2209 658 illarum
2241 608 2507 673 legendum
2548 609 2763 660 videtur.

320 690 473 740 Alter
522 694 682 739 autem
728 694 780 735 et
826 688 1001 735 tertius
1048 701 1079 736 e
1120 687 1280 749 locis,
1338 703 1462 752 quos
1498 703 1649 754 supra
1680 689 1973 749 memoravi,
2008 690 2055 737 in
2094 686 2169 736 his
2213 694 2326 737 sunt
2375 689 2632 751 versibus,
2683 690 2766 753 qni

195 788 225 822 e
259 772 480 822 lectione
511 768 837 818 Lambiniana
872 783 905 815 a
938 785 990 817 v.
1029 766 1128 817 629
1164 769 1234 818 ita
1267 769 1520 833 leguntur:

691 876 900 932 Denique
939 880 990 917 m·
1028 877 1220 918 minimas
1262 877 1307 918 in
1347 881 1496 930 partes
1534 882 1694 918 cuneta
1743 877 1909 919 resolvi

696 947 880 1005 Cogere
912 954 1176 991 consuesset
1206 960 1341 989 rerum
1370 953 1524 989 natura
1554 947 1755 1001 creatrix,

694 1020 793 1062 Jaiu
821 1019 927 1062 nibil
960 1033 1017 1064 ex
1057 1021 1157 1062 ollis
1188 1018 1339 1061 eadem
1367 1031 1572 1073 reparare
1600 1019 1792 1061 valerett

694 1091 963 1146 Propterea,
993 1093 1120 1146 quia,
1150 1103 1264 1146 quae
1293 1092 1444 1133 mullis
1472 1096 1576 1133 snut
1604 1091 1799 1146 partibus
1828 1096 1973 1144 aucta,

694 1161 800 1205 Nun
829 1169 1019 1218 possunt
1048 1175 1124 1216 ea,
1155 1175 1268 1217 quae
1302 1161 1434 1204 debet
1462 1162 1668 1219 genitalis
1692 1162 1857 1204 habere

690 1234 930 1286 Materies,
959 1234 1110 1276 varios
1142 1246 1396 1289 connexus,
1426 1233 1648 1289 pondera,
1676 1234 1860 1291 plagas,

698 1304 984 1359 Concursus,
1013 1312 1155 1347 motus
1172 1336 1183 1358 ,
1212 1319 1292 1360 per
1323 1319 1436 1361 quos
1465 1319 1538 1347 res
1569 1318 1771 1361 quaeque
1800 1310 2021 1361 geruntur.

319 1426 402 1472 Ac
438 1424 635 1488 primum
674 1422 869 1485 quidem
903 1422 1236 1472 adnotandum
1272 1428 1373 1483 est,
1416 1427 1475 1473 m·
1519 1425 1592 1488 (v.
1623 1422 1750 1482 629)
1806 1427 1986 1484 tantum
2041 1437 2131 1486 per
2165 1422 2502 1484 conjecturam
2535 1421 2760 1471 Lambini

183 1504 286 1568 legi
324 1510 375 1552 et
408 1506 457 1551 in
493 1502 751 1552 codicibus
787 1503 1009 1552 omnibus
1043 1506 1092 1552 si
1122 1505 1348 1553 inveniri.
1419 1504 1816 1568 Havercampius
1851 1501 2042 1565 quidem
2079 1501 2144 1551 de
2178 1503 2281 1549 suis
2318 1500 2578 1551 codicibus
2612 1508 2762 1564 tacet,

181 1583 272 1634 sed
310 1600 450 1648 quum
501 1584 817 1633 Bertinianus
851 1583 1075 1633 Lambini
1128 1585 1198 1632 ita
1239 1582 1403 1648 legat,
1456 1598 1663 1647 quocum
1698 1582 1773 1631 illi
1814 1581 1923 1632 sere
1958 1583 2293 1642 consentiunt,
2349 1597 2586 1647 quumque
2632 1582 2761 1632 alias

182 1665 271 1712 ille
305 1667 386 1714 vir
417 1664 599 1713 doctus
635 1667 780 1712 etiam
816 1664 964 1728 paulo
1013 1663 1425 1728 negligentiorem
1478 1667 1525 1711 in
1583 1662 1849 1713 afferendis
1894 1662 2118 1712 codicum
2173 1661 2469 1711 lectionibus
2516 1679 2574 1712 se
2608 1680 2759 1729 prae-

179 1746 366 1803 buerit,
417 1744 536 1791 nihil
590 1747 635 1792 ei
683 1747 753 1792 rei
807 1743 1111 1792 tribuendum
1147 1745 1364 1793 videtur.

316 1826 437 1874 Item
495 1844 546 1874 v.
591 1824 688 1874 631
750 1828 797 1872 in
855 1824 1113 1873 codicibus
1186 1825 1406 1874 omnibus
1459 1842 1556 1874 non
1628 1828 1802 1875 multis
1852 1823 1940 1874 sed
1997 1826 2154 1873 nullis
2212 1825 2481 1883 invenitur,
2549 1826 2596 1871 in
2659 1841 2759 1889 quo

177 1906 560 1956 Wakefieldius
612 1913 663 1954 et
722 1908 1027 1954 recentiores
1079 1906 1304 1955 codicum
1362 1909 1642 1955 auctoritati
1697 1904 2127 1972 obtemperandum
2179 1903 2451 1965 duxerunt,
2534 1906 2757 1953 Lambini

177 1988 441 2037 lectionem
478 1987 827 2051 relinquentes,
863 2003 1004 2051 quam
1040 1988 1285 2052 profecto,
1320 1990 1361 2034 si
1397 1988 1549 2035 lectio
1584 1991 1644 2035 m·
1675 2001 1799 2035 vera
1830 1993 1990 2047 esset,
2027 1985 2079 2032 id
2115 1985 2246 2049 qnod
2281 2001 2343 2033 ne
2375 1987 2750 2034 Wakefieldius

179 2069 373 2134 quidem
420 2075 729 2132 negaverat,
776 2082 954 2115 sensus
999 2068 1263 2131 flagitaret.
1625 2074 1635 2079 ”

308 2149 417 2199 Sed
453 2163 639 2214 operae
668 2147 870 2197 videtur
898 2149 1104 2213 pretium
1140 2162 1267 2207 esse,
1303 2150 1350 2194 in
1381 2149 1549 2196 varias
1575 2147 1817 2196 editorum
1845 2146 1909 2196 de
1931 2146 2029 2196 hoc
2062 2146 2179 2195 loco
2203 2149 2475 2195 sententias
2496 2148 2758 2211 inquirere.

176 2229 257 2280 Ac
291 2229 558 2286 Lambinus
594 2227 787 2293 quidem
823 2229 1139 2276 mutationum
1175 2244 1206 2275 a
1238 2242 1296 2276 se
1330 2226 1569 2276 factarum
1606 2226 1697 2275 has
1733 2226 1898 2277 reddit
1933 2229 2174 2275 rationes:

310 2311 569 2373 „Denique
603 2309 720 2367 nisi,
781 2308 933 2372 inquit
968 2306 1259 2367 LucretiuS,
1319 2322 1399 2355 res
1455 2314 1654 2356 creatas
1712 2310 1757 2355 in
1809 2314 1977 2374 partes
2029 2310 2246 2355 minimas
2297 2308 2540 2367 (minimas
2597 2314 2759 2357 antem

176 2398 345 2456 partes
382 2390 606 2455 appellat
653 2405 768 2447 eaS,
824 2389 999 2451 quibus
1053 2389 1184 2435 aliae
1219 2404 1314 2436 non
1351 2395 1558 2452 possunt
1594 2403 1708 2436 esse
1742 2391 1982 2446 minores,
2017 2394 2068 2436 et
2098 2388 2163 2435 ad
2197 2404 2319 2451 quas
2353 2387 2434 2435 ubi
2467 2396 2757 2452 perventum

175 2478 266 2531 est,
304 2486 385 2519 res
409 2468 567 2518 dividi
603 2485 754 2533 posse
791 2467 1048 2528 desinunt)
1083 2467 1242 2517 dividi
1277 2484 1338 2516 ac
1374 2467 1565 2517 resolvi
1601 2476 1833 2532 cogeret:
1864 2467 1982 2516 nihil
2018 2482 2081 2515 ex
2119 2467 2221 2515 illis
2256 2467 2476 2533 partibus
2522 2482 2758 2532 reparare

174 2556 362 2615 posset,
399 2549 648 2612 quaelibet
676 2548 843 2596 haruin
878 2550 1084 2613 partiunt
1116 2553 1370 2597 constaret
1397 2563 1461 2596 ex
1487 2548 1711 2614 partibus
1744 2547 1965 2607 infinitis3
2001 2554 2052 2595 at
2088 2549 2214 2611 quae
2248 2547 2411 2595 multis
2441 2553 2527 2595 aut
2560 2548 2754 2596 omnino

177 2631 424 2695 aliquibus
474 2629 694 2695 partibus
729 2635 984 2688 constant,
1044 2644 1141 2676 non
1177 2636 1383 2694 possunt
1419 2645 1507 2677 eas
1544 2646 1624 2678 res
1672 2630 1881 2691 habere,
1937 2645 2058 2694 quas
2106 2631 2334 2676 materies
2369 2628 2555 2676 habere
2590 2628 2753 2689 debet,

181 2713 388 2778 plagas,
439 2711 687 2777 pondera,
720 2726 986 2759 connexus
1023 2718 1117 2759 etc.
1186 2711 1265 2760 Νἱ
1298 2714 1533 2760 minimas
1568 2720 1726 2761 autem
1760 2714 1986 2778 reposui,
2022 2711 2149 2760 banc
2183 2713 2472 2776 scripturam
2507 2712 2755 2759 sententia

176 2796 287 2859 ipsa
321 2792 630 2857 postulante,
667 2806 774 2839 cnm
812 2791 921 2839 libri
960 2791 1201 2856 vulgares
1237 2792 1452 2841 habeant
1486 2797 1534 2841 si
1565 2797 1823 2853 minimas,
1874 2793 2025 2858 plane
2061 2792 2323 2853 mendose,
2359 2808 2499 2855 quam
2535 2793 2754 2856 scriptu-

177 2889 278 2922 ram
317 2875 397 2937 qui
439 2882 633 2922 tuentur
669 2874 970 2921 caecutiunt.
1039 2872 1172 2920 Nam
1214 2873 1462 2938 Epicurus
1508 2880 1559 2922 et
1603 2889 1713 2922 euin
1748 2880 1950 2923 secutus
1985 2872 2250 2923 Lucretius
2285 2873 2463 2923 ‘volunt
2511 2873 2559 2919 in
2606 2871 2753 2921 rebus

178 2952 366 3018 aliquid
403 2967 518 3001 esse
554 2954 803 3000 minimum.
874 2954 1049 3016 Itaque
1084 2953 1213 3002 infra
1248 2956 1421 3018 paucis
1456 2960 1570 3019 post
1604 2956 1799 3020 paginis
1834 2960 2036 3003 veteres
2076 2953 2400 3020 philosophos
2435 2952 2753 3018 reprehendit

174 3033 465 3091 Lucretius,
540 3034 736 3096 primum
793 3032 924 3096 quod
984 3040 1162 3082 motum
1213 3036 1515 3082 constituant
1565 3040 1761 3083 exemto
1808 3036 1959 3095 inani,
2013 3035 2194 3085 deinde
2239 3033 2370 3098 quod
2419 3033 2606 3082 faciant.
2653 3048 2749 3081 non

175 3127 291 3161 esse
328 3114 465 3160 finem
504 3111 653 3160 rebus
690 3112 920 3161 secandis
954 3127 1116 3177 neque
1153 3127 1267 3162 esse
1301 3113 1559 3180 quidquam
1597 3116 1828 3163 minimum
1866 3117 1912 3164 in
1948 3116 2146 3166 rebus.“

214 3294 236 3318 ἢ*
285 3293 439 3334 [cinnae
468 3292 566 3329 1844.
