3096 3830
704 1017 1460 1116 quaestiones
1519 963 2315 1130 lucretianum

226 1371 332 1446 Τ.
360 1392 582 1459 Lucretii
606 1392 727 1444 Cari
758 1409 933 1460 poema
965 1393 1029 1443 de
1051 1394 1235 1444 Rerum
1250 1393 1448 1443 Natura
1483 1395 1625 1459 quum
1659 1390 1824 1463 primis
1842 1398 1957 1460 post
1987 1400 2186 1442 renatas
2217 1393 2391 1442 literas
2412 1395 2639 1458 antiquas
2663 1410 2781 1445 sae-

228 1474 355 1525 culis
391 1462 513 1523 {ri'ris
549 1462 711 1523 doctis
746 1473 834 1524 vel
869 1476 1098 1541 imprimis
1132 1475 1310 1525 fuisset
1342 1477 1391 1523 in
1428 1474 1647 1536 deliciis,
1720 1489 1960 1539 quumque
1994 1489 2057 1523 ea
2100 1478 2267 1524 aetate
2309 1475 2598 1541 saepissime
2644 1478 2779 1542 typis

228 1557 530 1620 exscriptum
566 1542 735 1616 essetJ
760 1558 1023 1621 summique
1051 1558 1145 1606 viri
1179 1559 1228 1604 in
1264 1573 1326 1606 eo
1374 1551 1743 1622 interpretando
1775 1561 1827 1604 et
1859 1555 1927 1604 ad
1957 1557 2221 1621 pristinam
2253 1553 2459 1604 formam
2493 1557 2784 1607 revocando

225 1637 590 1684 intentissimam
631 1638 910 1701 posuissent
945 1652 1167 1701 operam,
1202 1639 1248 1685 in
1285 1635 1458 1702 quibus
1491 1652 1634 1683 unum
1668 1634 1960 1702 Dionysium
1991 1635 2279 1703 Lambinum
2311 1639 2589 1685 nominasse
2622 1639 2780 1685 instar

222 1717 426 1765 omnium
451 1717 558 1776 erit,
592 1721 761 1764 nostra
797 1715 991 1765 taudem
1025 1723 1191 1766 aetate
1222 1733 1284 1766 eo
1320 1731 1402 1767 res
1425 1716 1644 1777 devenit,
1678 1721 1733 1765 ut
1764 1710 1984 1766 virorum
2017 1715 2275 1770 doctorum
2309 1716 2474 1766 studia
2511 1732 2772 1779 exercere,

222 1802 275 1843 ut
310 1795 397 1844 vel
433 1794 646 1843 lectitari
681 1811 835 1861 prope
870 1795 1077 1844 desitum
1120 1799 1201 1845 sit.
1303 1796 1450 1857 Quod
1496 1798 1729 1856 immerito
1782 1797 1829 1844 ei
1872 1801 2053 1861 poetae
2095 1796 2344 1846 accidisse
2376 1812 2517 1847 nemo
2561 1799 2657 1846 erit
2701 1799 2782 1862 qui

221 1881 400 1939 neget,
436 1876 515 1938 qui
552 1874 745 1938 quidem
779 1877 1127 1924 sententiarum
1162 1875 1378 1941 ponduiS‚
1443 1876 1896 1939 sermonisantiqui
1942 1877 2251 1939 majestatem
2284 1881 2432 1941 atque
2466 1878 2781 1940 gravitatem,

221 1956 479 2021 imaginum
507 1970 631 2005 vero
657 1955 925 2005 ubertatem
951 1963 1113 2021 atque·
1121 1956 1496 2020 jucunditatem,
1532 1956 1892 2021 digressionum
1915 1958 2062 2005 etiam
2085 1955 2396 2006 dulcedinem
2419 1955 2780 2023 degustaverit.

223 2037 408 2084 Testes
441 2051 508 2084 ex
541 2036 875 2102 superioribus
912 2036 1159 2085 literarum
1187 2039 1488 2101 antiquarum
1523 2036 1938 2086 existimatoribus
1971 2042 2086 2085 sunt
2116 2037 2283 2098 multi,
2318 2054 2386 2087 ex
2418 2038 2778 2087 recentioribus

220 2122 380 2165 autem
418 2116 718 2167 clarissimus
750 2117 1050 2177 KnebeHus,
1095 2121 1175 2183 qui
1210 2120 1280 2166 ita
1313 2118 1460 2182 hujus
1495 2107 1676 2182 poetae
1708 2117 1960 2183 leporibus
1994 2124 2171 2182 captus
2205 2123 2355 2183 atque
2390 2118 2637 2167 delenitus
2671 2118 2779 2179 fuit,

220 2204 273 2246 ut
305 2196 516 2245 studium
553 2199 663 2260 ejus
698 2197 925 2247 vertendi
961 2215 1050 2263 per
1082 2215 1305 2264 magnam
1340 2199 1477 2248 vitae
1520 2204 1710 2264 partem
1742 2197 1993 2247 assiduum
2026 2199 2250 2247 comitem
2283 2200 2554 2248 retinuerit.
2626 2198 2774 2248 Unde

219 2282 381 2327 autem
428 2276 578 2333 nihilo
623 2279 776 2326 minus
823 2277 1006 2329 factum
1052 2281 1141 2340 sit,
1200 2286 1253 2328 ut
1288 2277 1419 2331 adeo
1454 2280 1503 2328 iu
1553 2280 1653 2328 situ
1703 2284 1852 2342 atque
1887 2277 2140 2328 oblivione
2178 2278 2403 2341 jaceret,
2461 2278 2662 2342 longum
2701 2284 2779 2328 est

217 2370 378 2422 neque
435 2357 582 2422 hujus
628 2356 729 2407 loci
773 2373 1049 2424 exponere3
1107 2358 1203 2409 hoc
1252 2363 1412 2409 autem
1465 2358 1864 2408 animadvertere
1909 2357 2090 2409 videor
2127 2359 2233 2422 jam
2275 2356 2531 2408 laetiorem
2566 2363 2778 2408 aetatem

218 2438 459 2494 Lucretio
516 2440 701 2489 exoriri
760 2441 988 2505 coepisse
1036 2442 1346 2506 virorumque
1379 2439 1655 2500 doctorum
1700 2438 1877 2490 oculos
1929 2455 2039 2494 cum
2088 2441 2293 2490 maxime
2335 2440 2492 2504 magis
2556 2441 2605 2488 iu
2639 2437 2779 2489 illum

217 2508 459 2570 converti.
551 2520 690 2581 Quae
740 2536 821 2568 res
877 2519 1005 2570 hunc
1059 2524 1286 2588 imprimis
1342 2521 1551 2571 fructum
1604 2521 1741 2583 tulit,
1806 2529 1860 2569 ut
1898 2523 2003 2586 jam
2047 2520 2111 2571 de
2157 2519 2434 2582 codicibus,
2496 2520 2670 2585 quibus
2714 2521 2778 2570 T.

218 2602 441 2652 Lucretii
492 2617 665 2668 poema
712 2607 1023 2652 asservatum
1070 2609 1169 2664 est,
1237 2602 1389 2652 multo
1436 2605 1606 2653 verius
1647 2601 1906 2667 judicandi
1952 2602 2092 2651 nobis
2136 2608 2360 2668 potestas
2407 2603 2475 2650 sit
2524 2601 2776 2666 multoque

219 2683 507 2749 prudentior
543 2682 768 2733 delectus
803 2699 970 2733 eorum
1004 2678 1288 2745 habendus,
1339 2701 1480 2749 quam
1518 2700 1549 2732 a
1583 2684 1827 2749 prioribus
1859 2683 2131 2732 editoribus
2165 2682 2348 2731 factum
2383 2697 2499 2732 esse
2532 2681 2776 2731 videmus.

215 2765 387 2828 Atque
423 2764 519 2813 hoc
555 2766 779 2830 imprimis
812 2764 932 2814 Joh.
952 2764 1214 2819 ,Nicolaus
1248 2763 1538 2828 Madvigius
1573 2765 1841 2833 praestitit,
1896 2766 1975 2827 qui
2012 2768 2372 2828 programmate
2406 2761 2695 2812 academico
2721 2763 2775 2821 ⁴²)

128 2838 132 2840 ἡ
216 2844 444 2906 codiceS‚
506 2861 629 2910 quos
665 2845 857 2910 quidem
905 2847 1182 2897 accuratius
1231 2846 1479 2907 novimu3‚
1535 2844 1625 2893 sub
1661 2858 1918 2894 censuram
1963 2845 2171 2894 vocavit
2231 2858 2396 2908 exque
2447 2845 2510 2892 iis
2544 2845 2774 2910 imprimis

216 2920 341 2974 dfios
385 2926 750 2991 Lugdunenses
801 2927 864 2975 ab
907 2928 1274 2994 Havercampio
1330 2926 1545 2976 collatos
1598 2927 1669 2974 ita
1712 2926 1901 2990 plurimi
1964 2923 2221 2975 faciendos
2278 2939 2394 2973 esse
2462 2923 2656 2984 docuit,
2721 2930 2776 2973 ut

215 3008 505 3069 reliquorum
543 3012 834 3057 varietatem
870 3024 1053 3058 omnem
1089 3008 1270 3057 nullius
1305 3009 1448 3074 pretii
1483 3022 1598 3055 esse
1631 3008 1914 3056 existimare
1949 3004 2254 3054 deberemus.
2306 3006 2465 3066 Quam
2499 3023 2600 3055 rem
2631 3022 2777 3069 quum

215 3088 360 3135 etiam
407 3104 499 3137 nos
538 3091 843 3142 verissimam
891 3106 1006 3140 esse
1050 3095 1355 3156 putat-emm,
1409 3087 1595 3153 aliquot
1642 3087 1787 3137 locos
1831 3085 2140 3137 tractandos.
2172 3085 2446 3152 delegimus
2467 3123 2482 3147 ‚
2532 3086 2615 3136 ubi
2663 3089 2776 3136 sive

261 3296 305 3340 *J
330 3298 371 3330 ln
397 3296 597 3339 opusculis
622 3298 880 3342 Academicis,
915 3299 1082 3334 ssavniae
1104 3298 1211 3335 1884.
