3096 3830
248 314 354 363 sqq.
389 296 488 347 633
523 296 574 344 &t
609 293 721 343 635.
806 293 1027 344 Verbum
1072 296 1224 360 igitur
1271 292 1619 362 suppeditandi
1673 293 1771 344 boc
1822 294 1939 345 loco
1982 308 2081 344 uon
2123 295 2438 346 intransitive
2485 295 2580 345 sed
2638 298 2807 348 active

247 378 532 429 sumendum
565 384 617 425 et
650 388 862 437 comma,
896 375 1031 442 quod
1065 381 1180 443 post
1213 391 1358 428 mare
1389 376 1437 424 in
1457 374 1754 426 editionibus
1786 374 2144 426 recentioribus
2175 365 2387 444 legitur,
2423 375 2689 427 delendum
2712 386 2825 441 est„

247 467 303 510 ut
334 460 462 509 baec
494 457 560 504 sit
591 456 860 506 senitentiuz
920 451 1259 524 mactantes
1289 461 1345 508 in
1377 460 1516 506 mana·
1544 460 1655 523 ipso
1681 459 1844 522 genien·
1873 463 1922 506 ee
1949 459 2165 521 flantium
2198 459 2347 524 lnnqe
2377 465 2599 509 externa
2646 456 2724 521 (b.
2762 473 2808 508 e.

247 555 278 589 e
302 538 501 588 remotis
520 534 805 600 regionibus
825 536 1106 596 venientia]
1127 538 1455 601 suma-'cant
1488 535 1563 599 (ba
1582 552 1628 585 e.
1662 538 1930 601 integrant)
1962 553 2132 599 mare,
2165 541 2217 587 εἰ
2248 553 2438 604 aquae,
2471 554 2605 605 qaae
2633 539 2808 606 pet-'in

247 619 506 678 videntur,
541 632 661 665 vere
685 616 953 680 pereunt?
1020 615 1163 674 Quae
1196 617 1239 662 si
1273 617 1343 663 ita
1371 622 1511 677 sunit,
1566 618 1614 664 in
1662 616 1913 664 meliorum
1947 616 2171 666 codicum
2217 616 2436 668 lectione
2480 620 2805 683 acquiesceu·
2878 667 2883 670 ,

246 697 358 747 dum
404 710 520 747 esse
554 701 776 761 apparet.

379 869 539 928 Idem,
576 867 707 935 quod
741 868 886 918 modo
920 873 1181 935 posuerat,
1215 865 1334 920 nihil
1368 871 1417 919 iu
1452 869 1570 919 nibil
1604 886 1755 937 posse
1790 870 2001 932 reverti,
2037 869 2137 920 alio
2172 870 2317 920 etiam
2352 865 2641 937 argumento
2663 888 2806 937 quum

244 951 565 1018 comprobare
599 950 895 1009 studuisset,
943 949 1070 999 hauc
1103 949 1244 999 addit
1277 951 1552 1001 clausulam
1588 970 1635 1003 v.
1658 951 1774 1013 249,
1809 951 1936 1000 250:

748 1045 882 1088 Haud
911 1045 1039 1103 igitur
1067 1045 1179 1088 redit
1209 1044 1263 1088 ad
1294 1046 1467 1092 nibilum
1495 1061 1570 1091 res
1613 1047 1726 1103 ulla,
1770 1046 1854 1091 sed
1884 1059 2032 1089 omnes

746 1115 948 1158 Discidio
982 1115 1166 1159 redeunt
1193 1120 1240 1157 in
1267 1131 1446 1171 corpora
1475 1121 1681 1164 materiai.

378 1204 519 1264 Quae
562 1202 721 1252 verba
769 1219 971 1268 prorsus
1018 1203 1200 1251 nullam
1226 1221 1228 1223 ¹
1254 1202 1593 1254 difficultatem
1629 1205 1835 1266 habent,
1890 1205 1981 1252 nisi
2018 1219 2159 1269 quam
2213 1202 2433 1253 editores
2466 1205 2800 1267 invexeruut3

242 1300 457 1351 corpora
490 1285 614 1334 enim
649 1285 871 1333 materiai
903 1289 954 1332 ut
987 1298 1141 1349 saepe
1171 1284 1238 1346 (1,
1259 1281 1385 1346 353,
1419 1284 1535 1334 567.
1571 1286 1637 1347 ΙΙ,
1657 1283 1757 1335 878
1775 1285 1902 1347 etc.)
1939 1292 2050 1333 suut
2093 1281 2362 1352 primordia
2399 1285 2511 1333 sive
2535 1287 2711 1345 atomi,
2749 1287 2800 1333 iu

246 1382 368 1430 quas
403 1380 433 1414 e
467 1366 659 1414 ratione
692 1364 898 1430 Epicuri
943 1366 1102 1413 omnia
1136 1364 1326 1415 resolvi
1371 1373 1571 1416 constat
1673 1365 1785 1417 Sed
1819 1380 1960 1430 quum
2007 1367 2053 1413 iu
2097 1364 2355 1415 codicibus
2399 1364 2615 1430 aliquot,
2671 1382 2798 1430 quos

242 1445 425 1494 nullius
459 1446 767 1494 auctoritatis
800 1460 916 1493 esse
950 1446 1123 1510 negari
1157 1461 1254 1495 non
1289 1452 1479 1513 potest,
1515 1462 1605 1512 pro
1640 1450 1693 1496 in
1727 1463 1951 1512 cor-pura
1984 1449 2222 1495 materiai
2255 1445 2458 1510 legatur
2490 1447 2550 1495 in
2584 1462 2802 1512 corpore

240 1530 490 1587 materiai,
526 1525 651 1575 lianc
686 1525 970 1587 lectionem,
1005 1542 1131 1591 quae
1154 1534 1372 1593 apertum
1405 1528 1625 1577 mendum
1647 1533 1740 1588 est,
1776 1526 1996 1577 editores
2030 1529 2080 1575 in
2115 1533 2304 1577 textum
2338 1532 2648 1594 receperunt,
2684 1529 2797 1576 item

240 1613 508 1673 praeeunte
523 1606 887 1668 Wakefieidio‚
921 1609 1000 1671 qui
1034 1610 1203 1656 neseio
1236 1624 1380 1672 quam
1416 1615 1826 1675 prosopopoeizun
1862 1609 2103 1658 odoratus
2137 1606 2204 1657 ad
2225 1607 2502 1674 Vergilium
2536 1614 2798 1674 provocat,

242 1689 321 1752 qui
357 1687 499 1736 simili
536 1689 727 1736 ratione
761 1704 952 1752 corpus
981 1687 1151 1736 Turni
1183 1704 1272 1754 pro
1306 1691 1417 1755 ipso
1438 1690 1610 1739 Turno
1644 1690 1895 1755 posuisset
1927 1689 2085 1751 [Aen.
2107 1688 2224 1749 V11,
2249 1688 2396 1750 605.)
2462 1689 2599 1738 Dicit
2616 1691 2765 1738 enim:

714 1778 717 1779 ⁷
745 1782 889 1823 Filius
919 1780 1022 1823 huic
1045 1785 1172 1835 Juxta
1199 1764 1402 1838 Lausus,
1455 1797 1542 1839 quo
1583 1785 1801 1840 pulchrior
1831 1786 1939 1827 ulter

745 1852 848 1895 Nou
878 1852 980 1905 fuit,
1008 1858 1196 1908 excepto
1225 1853 1459 1896 humentis
1494 1867 1678 1909 corpore
1708 1856 1856 1898 Turni.

373 1945 483 1996 Sed
518 1947 624 2010 quis
660 1962 755 1995 non
791 1946 955 2006 videt,
991 1962 1182 2012 corpus
1220 1946 1391 1996 Tarni
1422 1946 1519 1997 hoc
1553 1947 1685 2010 loco,
1722 1962 1829 1997 cum
1864 1948 2152 2013 praesertim
2187 1943 2253 1994 de
2286 1943 2651 2011 pulchritudine
2685 1947 2798 2009 ejus

235 2042 396 2075 sermo
450 2029 539 2086 sit,
590 2043 679 2091 pro
721 2029 830 2092 ipso
867 2027 1038 2076 Turno
1083 2028 1261 2092 optime
1307 2028 1430 2088 dici,
1477 2027 1608 2094 apud
1644 2029 1955 2087 Lucretium,
2011 2027 2094 2075 ubi
2142 2027 2242 2075 loci
2278 2029 2406 2075 ratio
2439 2025 2624 2073 nullum
2657 2027 2798 2090 ejus·

239 2106 365 2156 modi
404 2114 622 2155 ornatum
658 2108 859 2172 requirit
892 2123 953 2157 ac
988 2121 1050 2156 ue
1084 2105 1295 2156 admittit
1329 2106 1542 2172 quidem,
1578 2107 1666 2155 tali
1700 2122 1859 2173 neque
1894 2106 2313 2156 circumlocutioni
2349 2120 2510 2170 neque
2545 2121 2793 2171 prosopo-

236 2194 414 2254 poeiae
449 2188 611 2237 locum
647 2186 799 2236 esse?-
849 2188 1091 2248 Accedit,
1126 2188 1257 2253 quod
1298 2204 1360 2237 ne
1393 2189 1546 2236 latine
1581 2187 1771 2252 quidem
1809 2188 1989 2237 dicitur
2022 2192 2076 2236 in
2109 2202 2324 2252 corpore
2356 2201 2447 2252 pro
2482 2188 2531 2233 iu
2566 2202 2792 2251 corpora

207 2269 430 2328 *redit-e,
484 2268 734 2333 quodque,
787 2271 831 2315 si
881 2268 969 2317 vel
1019 2271 1225 2316 maxime
1261 2268 1360 2316 dici
1397 2277 1592 2333 posset,
1623 2284 1824 2317 sensus
1870 2269 1931 2316 ab
1979 2267 2075 2316 hoc
2109 2267 2225 2315 loco
2261 2266 2453 2314 alienus
2500 2268 2792 2324 exsisteret3

237 2364 443 2413 namque
478 2366 668 2415 corpus
702 2352 939 2398 viateria‘i
981 2348 1188 2413 sigulari
1237 2364 1436 2398 numero
1471 2348 1590 2397 nibil
1639 2348 1774 2398 aliud
1818 2355 1990 2415 posset
2027 2362 2142 2397 esse
2177 2348 2269 2394 uisi
2305 2348 2586 2394 universum
2622 2347 2792 2411 ipsum,

235 2429 366 2494 quod
385 2430 543 2478 Omne
566 2429 823 2495 appellare
859 2430 991 2479 solet
1023 2434 1174 2495 poeta
1210 2436 1259 2478 et
1294 2446 1543 2480 emmaum
1578 2436 1764 2492 tutam5
1800 2436 1851 2478 at
1887 2432 1933 2477 in
1961 2429 2114 2479 Omne
2151 2443 2231 2476 res
2264 2442 2360 2475 uon
2387 2431 2594 2491 possunt
2613 2425 2794 2485 redire,

236 2525 376 2575 quum
410 2512 457 2557 in
493 2502 554 2558 eo
592 2525 842 2574 numquam
877 2524 972 2558 non
1007 2512 1169 2558 insint.

368 2684 572 2735 Novum
626 2683 849 2748 ejusdem
903 2684 975 2733 rei
1022 2690 1356 2748 argumentum
1403 2690 1498 2733 tum
1539 2685 1762 2748 sequitur
1808 2669 1923 2733 inde
1970 2681 2299 2748 depromtum‚
2357 2678 2488 2744 quod
2539 2681 2589 2727 iu
2633 2694 2796 2729 rerum

244 2771 419 2814 natura
453 2764 588 2814 aliud
627 2780 692 2814 ex
745 2765 846 2814 alio
883 2763 1016 2813 refici
1051 2762 1302 2823 videmus,
1363 2778 1431 2812 ex
1476 2763 1704 2812 imbribus
1747 2763 1870 2811 euim
1906 2763 2044 2811 nasci
2083 2761 2257 2825 fruges
2296 2759 2630 2824 arboresque,
2683 2761 2798 2810 hinc

233 2861 391 2909 genus
427 2844 678 2894 humanum
714 2851 861 2909 atque
895 2843 1107 2894 ferarum
1129 2843 1238 2905 vali,
1276 2842 1385 2891 binc
1420 2841 1659 2891 hominum
1694 2841 1917 2890 sobolem
1949 2842 2119 2889 nutriri
2156 2838 2343 2902 1,2562

740 2942 860 2981 Hinc
888 2940 1030 2980 laetus
1058 2939 1190 2980 urbes
1220 2938 1399 2992 puer-1221·
1438 2937 1592 2978 florere
1630 2934 1843 2978 videmus.

370 3029 450 3076 Ita
483 3034 658 3095 aperto
693 3026 991 3076 soloecismo
1026 3024 1241 3074 admisso
1284 3021 1682 3083 Wakefieldius‚
1733 3025 1910 3087 quique
1961 3037 2070 3070 eum
2104 3022 2264 3070 secuti
2298 3028 2440 3083 sunt,
2491 3018 2796 3070 Eichstaed-

237 3110 331 3156 {ius
376 3114 427 3155 et
463 3109 768 3173 Forbigerus
814 3122 843 3156 e
882 3107 1035 3156 codd.
1081 3104 1419 3153 deterioribus.
1521 3104 1676 3163 Quam
1732 3105 1993 3151 lectionem
2027 3108 2081 3149 ut
2116 3101 2435 3162 defenderet,
2491 3101 2618 3150 dnos
2651 3101 2795 3150 locos

183 3186 192 3190 ⁶
235 3186 635 3248 Wakefieldius‚
680 3188 892 3237 >alterum
945 3187 1160 3251 Vergilii
1219 3185 1424 3233 alterum
1461 3184 1678 3244 Manilii,
1733 3185 1804 3231 ita
1833 3184 2067 3244 effinxit,
2123 3189 2176 3232 ut
2231 3186 2279 3230 in
2315 3199 2414 3231 rem
2451 3199 2590 3230 suam
2625 3182 2795 3229 facere

240 3269 541 3320 viderentur.
613 3270 779 3334 Atque
819 3268 1136 3334 Vergilianus
1170 3274 1249 3314 est
1280 3266 1457 3331 Geor-g
1490 3266 1582 3326 IV,
1612 3264 1735 3321 563,
1770 3264 1898 3311 564:

2148 3344 2219 3391 1-1(-
