3096 3830
1478 115 1538 172 ,a

304 279 512 329 .-Haec
554 273 749 340 quidem
793 272 859 325 de
901 273 1170 326 [aa-bino:
1244 272 1363 323 Jam
1409 288 1532 324 vero
1580 273 1862 337 videamus,
1939 276 2056 341 quid
2115 277 2270 327 oeteri
2325 275 2577 336 editores,
2628 279 2805 341 quibus

238 359 508 413 Lambinus
540 356 842 412 mutationes«
866 369 1022 416 -suas,
1054 352 1314 420 probavit,
1335 351 1431 404 ale*
1470 354 1568 405 boc
1611 354 1728 406 loco
1778 360 2012 405 statuant.
2082 356 2254 423 Atque
2298 355 2606 418 Greecbius,
2663 373 2803 422 quum

243 444 290 490 in
325 440 543 503 lectione
572 426 856 486 Lamb'inum
891 443 1205 502 sequeretur,
1230 443 1399 486 lunen
1434 437 1686 502 aliqunto
1718 438 1895 487 melius
1927 438 2030 487 loci
2065 440 2301 492 ratium
2338 440 2626 507 perspexit,
2662 454 2806 504 quum

239 525 365 571 inter
421 533 636 586 corpora
691 519 845 584 prima
901 525 954 568 et
1016 522 1207 584 partes?
1235 519 1453 566 minimas
1496 517 1624 567 bene
1680 518 2031 583 distingueret,
2082 533 2286 584 quorum
2321 519 2411 569 illa
2443 519 2636 585 quidem
2672 520 2806 569 haud

236 602 360 651 satis
398 596 654 651 cnm-node
711 598 1019 668 „Minimum
1068 598 1421 662 Pkm'eunffl,
1441 617 1444 621 ’
1485 596 1577 647 llas
1617 597 1923 658 „mmm
1967 600 2423 651 Mathematicun“
2460 599 2696 665 appellat.
2739 633 2804 643 -

233 681 365 745 Ejus
392 678 527 730 lmec
559 683 674 729 sunt
723 678 907 728 verba.

372 759 679 825 „Explicata
723 757 788 807 de
831 759 1035 807 Minimo
1086 757 1438 808 Mathematico
1484 741 1729 808 sententia
1780 758 1844 807 ad
1890 760 2134 809 Minimum
2186 775 2324 810 suum
2358 760 2632 826 Physieum
2679 759 2806 810 redit

235 847 412 909 poeta,
464 838 596 905 quod
642 846 846 907 propter
889 838 1214 901 soliditatem,
1265 854 1361 900 nou
1412 854 1537 900 vero
1595 845 1799 907 propter
1842 839 2116 891 exilitatem
2169 840 2516 892 indissolubile
2572 840 2714 905 lingit
2756 849 2807 888 et

239 927 487 971 aeternum
505 956 521 983 ,
557 919 687 985 quod
722 923 893 970 iterum
927 919 1155 969 versibus
1206 924 1393 1009 septem
1429 919 1712 982 confit-mat·>
1753 922 1844 973 nisi
1890 922 2013 970 enim
2047 920 2114 970 ad
2147 928 2415 973 extremam
2450 920 2801 972 resolutionem

228 991 438 1050 ⁸Natura
494 1003 805 1066 perveniret,
870 1000 963 1048 nisi
1020 1014 1217 1057 omneS,
1271 999 1415 1048 etiam
1459 1000 1700 1061 minimas,
1761 999 2032 1049 moleculas
2085 1001 2387 1070 explicaret,
2448 1002 2619 1068 inepta
2670 1000 2805 1049 foret

238 1095 397 1131 rerum
450 1082 680 1130 materies
747 1081 1007 1129 innumeris
1075 1079 1208 1140 illis,
1271 1079 1443 1144 quibus
1503 1080 1653 1131 debet
1714 1080 1922 1146 subjici,
1980 1081 2320 1130 mutationibus
2391 1086 2541 1147 atque
2606 1080 2803 1140 formis3

236 1151 514 1211 moleculae
547 1162 670 1210 enim
724 1176 791 1210 ex
842 1162 997 1210 variis
1030 1160 1249 1225 partibus
1284 1176 1572 1221 connexae,
1620 1167 1672 1210 et
1719 1164 1872 1211 Inane
1913 1165 2042 1210 inter
2093 1177 2152 1210 se
2196 1177 2264 1209 ex
2306 1164 2551 1210 sententia
2598 1161 2805 1226 Epicuri

239 1242 573 1301 continent-es,
620 1257 717 1290 non
762 1241 1009 1305 aequabili
1049 1240 1296 1306 pondere,
1341 1256 1438 1288 non
1485 1240 1709 1289 uniformi
1761 1247 1892 1290 motu
1937 1241 2266 1292 donarentur:
2335 1240 2541 1290 aliorum
2594 1241 2803 1290 motibus

239 1320 454 1385 maligne
488 1321 903 1386 obsequerentur,
921 1314 1158 1385 ideoque
1192 1322 1380 1369 minime
1415 1323 1641 1369 connecti
1677 1324 1914 1388 possint.“

370 1403 427 1450 In
472 1401 611 1452 hisce
668 1418 794 1451 vera
852 1407 965 1449 sunt
1022 1403 1238 1451 immixta
1289 1400 1447 1450 falsis.
1557 1401 1696 1451 Vere
1748 1405 1871 1451 enim
1929 1405 2057 1452 inter
2107 1403 2379 1453 Minimum
2417 1402 2712 1467 Physicum,
2749 1411 2803 1451 ut

237 1481 485 1549 appellat,
521 1489 572 1531 ct
603 1481 875 1532 Minimum
909 1481 1326 1533 mathematicum
1361 1481 1633 1547 distinguit,
1670 1498 1794 1533 vere
1828 1483 1967 1534 illud.
2003 1483 2050 1532 h.
2084 1498 2128 1532 e.
2163 1498 2377 1549 corpora
2410 1484 2565 1549 prima
2598 1489 2802 1550 propter

239 1562 567 1626 soliditatem,
616 1579 712 1614 ιιοιι
748 1554 951 1632 propter
985 1563 1251 1614 exilitatem
1288 1563 1527 1614 dissecari
1563 1580 1658 1615 non
1707 1581 1859 1632 posse
1894 1565 2174 1615 arbitratur.
2244 1563 2355 1615 Sed
2389 1563 2517 1614 haec
2551 1565 2803 1615 vocabula

242 1642 376 1712 ipsa:
407 1644 725 1705 „Minimum
737 1645 1091 1709 Physicum‘ss'
1131 1645 1434 1706 „Minimum
1466 1644 1918 1697 Mathemaltcmtw
1950 1663 2045 1696 non
2081 1649 2204 1695 satis
2237 1652 2357 1712 apta
2393 1652 2531 1707 sunt3
2567 1653 2646 1694 cst
2680 1648 2809 1694 enim

228 1725 506 1791 ‘utrumque'
527 1726 762 1774 minimum
793 1725 1087 1790 Physicum,
1123 1725 1214 1775 sed
1237 1735 1426 1776 atomos
1454 1741 1543 1774 seu
1578 1726 1843 1792 primordia
1877 1744 2118 1792 nunquam
2152 1726 2273 1775 dicit
2295 1726 2561 1776 Lucretius
2597 1728 2801 1786 minima,

240 1808 419 1873 quippe
470 1806 642 1871 quibus
694 1811 863 1871 partes
926 1821 1048 1854 suae
1101 1808 1312 1855 minores
1365 1808 1487 1866 sint,
1557 1814 1609 1854 et
1667 1823 1793 1870 quae
1860 1806 2135 1857 Creechius
2193 1808 2396 1856 Minima
2443 1805 2799 1855 Mathematica

235 1886 472 1953 appellat,
508 1902 570 1935 ea
602 1884 722 1935 nihil
757 1884 893 1934 aliud
940 1891 1051 1934 sunt
1094 1888 1185 1934 nisi
1220 1881 1389 1952 partes
1435 1895 1703 1935 atomorum
1739 1895 1832 1936 tam
1870 1901 2088 1954 parvae,
2137 1893 2191 1936 ut
2231 1889 2291 1935 iis
2338 1893 2507 1954 partes
2545 1888 2650 1950 jam
2706 1902 2801 1936 non

237 1970 358 2027 sint3
394 1974 507 2016 sunt
541 1973 700 2017 autem
747 1974 799 2016 et
841 1969 949 2032 ipsa
983 1967 1257 2031 aliquanta,
1293 1974 1346 2015 ut
1390 1969 1583 2015 minima
1638 1969 1993 2018 Mathematica
2026 1966 2282 2018 commode
2317 1967 2417 2017 dici
2451 1982 2547 2017 non
2582 1966 2798 2016 videan-

235 2056 323 2098 tur.
396 2047 597 2097 Deinde
631 2048 847 2108 sallitur,
895 2046 1028 2111 quod
1076 2065 1128 2096 v.
1175 2047 1291 2096 629.
1341 2063 1415 2112 sq.
1451 2051 1687 2097 minimas
1715 2056 1896 2115 partes
1940 2049 2005 2098 de
2050 2050 2252 2099 Minimo
2296 2064 2389 2097 suo
2434 2047 2659 2112 Physico
2707 2062 2797 2097 seu

235 2129 299 2178 de
334 2132 508 2178 atomis
543 2129 640 2178 dici
677 2136 841 2195 putat,
877 2129 929 2177 id
964 2127 1093 2193 quod
1129 2135 1305 2177 contra
1336 2134 1642 2177 constantem
1688 2129 1911 2179 Lucretii
1958 2145 2097 2177 usum
2130 2143 2247 2177 esse
2286 2130 2391 2193 jam
2425 2117 2627 2193 saepius
2661 2127 2795 2176 dixi—

241 2227 371 2272 mus,
407 2213 641 2260 minimas
670 2217 850 2277 partes
885 2216 1066 2259 tantum
1103 2215 1370 2259 atomorum
1405 2215 1573 2276 partes
1609 2209 1833 2261 dicentis.
1898 2209 2115 2260 Fallitur
2147 2211 2321 2271 etiam,
2357 2208 2491 2274 quod
2536 2208 2633 2259 hoc
2679 2208 2795 2258 loco

238 2291 406 2341 doceri
443 2298 596 2358 putat,
645 2307 812 2342 omnes
859 2297 1078 2341 naturam
1129 2286 1231 2340 res‘
1256 2293 1480 2358 (semper
1523 2298 1574 2341 et
1626 2291 1813 2353 ubivis)
1863 2293 1910 2340 in
1956 2298 2146 2341 atomos
2214 2290 2504 2350 resolvere,
2568 2289 2615 2338 id
2664 2288 2796 2352 quod

237 2388 394 2438 neque
427 2372 575 2437 hujus
609 2373 710 2422 loci
745 2379 882 2422 esset
917 2371 1127 2433 docere,
1164 2387 1321 2437 neque
1356 2387 1549 2438 semper
1599 2372 1703 2421 fieri
1752 2372 1937 2422 debere
1972 2370 2194 2431 videtui-3
2240 2370 2360 2419 nihil
2414 2372 2537 2419 enim
2573 2367 2794 2435 impedit,

233 2456 485 2519 quominus
530 2459 817 2516 statuamus,
868 2452 1104 2518 quasdam
1137 2470 1475 2518 nonnunquam
1529 2461 1721 2510 atomos
1772 2449 1899 2504 inter
1951 2467 2009 2502 se
2048 2455 2251 2518 junctas
2302 2465 2496 2501 manere
2537 2458 2589 2500 et
2633 2456 2794 2499 tamen

231 2535 298 2584 ad
335 2550 413 2584 res
448 2550 607 2585 novas
646 2534 937 2584 reficiendas
971 2533 1211 2585 adhiberi.
1274 2534 1480 2584 Falsum
1513 2536 1628 2585 item
1661 2540 1756 2594 est,
1793 2533 1926 2600 quod
1959 2532 2105 2596 dicit,
2171 2538 2387 2602 atomos,
2439 2533 2482 2579 si
2527 2546 2594 2580 ex
2639 2533 2793 2580 variis

231 2615 450 2680 partibus
497 2623 809 2676 constarent,
872 2618 1016 2665 inane
1080 2618 1208 2666 inter
1266 2631 1323 2666 se
1368 2617 1646 2677 continere3
1699 2632 1849 2682 supra
1900 2617 2023 2665 enim
2079 2613 2314 2675 vidimus,
2376 2618 2589 2672 atomos,
2649 2627 2792 2675 quum

232 2697 427 2747 solidae
463 2700 582 2759 sint,
645 2706 800 2748 tamen
851 2697 1069 2764 partibus
1104 2703 1390 2747 constantes
1435 2696 1729 2763 cogitandas
1774 2711 1901 2746 esse.
2000 2696 2206 2745 Falsum
2252 2695 2463 2758 denique
2516 2700 2609 2754 est,
2644 2692 2795 2757 quod,

231 2779 271 2824 si
309 2778 526 2843 partibus
573 2785 879 2841 constarent,
929 2794 1016 2827 eas
1060 2780 1284 2828 connecti
1331 2792 1482 2844 posse
1526 2783 1692 2842 negat,
1751 2777 1800 2826 id
1837 2776 1967 2841 quod
2002 2782 2176 2824 contra
2210 2783 2314 2835 θείς
2360 2777 2401 2821 si
2440 2774 2661 2840 partibus
2697 2790 2790 2822 non

235 2866 533 2919 constarent,
569 2876 657 2909 eas
692 2862 920 2910 connecti
953 2875 1048 2909 non
1085 2874 1235 2926 posse
1269 2875 1418 2926 supra
1452 2857 1768 2907 ostendimus.

363 2939 554 2999 Quodsi
590 2940 636 2988 hi
673 2944 796 3003 viri,
830 2956 1032 3006 quorum
1063 2943 1335 2991 sententias
1369 2938 1514 2988 modo
1549 2940 1903 2998 recensuimus,
1959 2939 2007 2984 in
2054 2936 2216 2984 multis
2250 2951 2280 2983 a
2314 2949 2441 2984 vero
2487 2935 2793 2994 aberrarunt,

227 3019 296 3064 ita
331 3019 645 3084 aberrarunt,
679 3029 733 3071 ut
767 3023 832 3085 de
867 3036 1073 3086 quanam
1124 3036 1180 3070 re
1213 3022 1261 3069 in
1295 3022 1574 3069 universum
1622 3025 1879 3084 ageretur,
1942 3016 2282 3083 intelligerent
2338 3022 2391 3066 et
2448 3016 2598 3065 multa
2644 3016 2792 3064 etiam

225 3099 272 3144 in
325 3101 534 3164 singulis
586 3103 710 3152 bene
759 3105 1112 3169 perspicerent.
1204 3102 1314 3152 Sed
1365 3103 1446 3167 qui
1512 3101 1629 3149 illos
1682 3105 1883 3149 secutus
1926 3103 2028 3159 est,
2087 3097 2467 3147 Wakefieldius
2513 3095 2694 3161 plane,
2740 3104 2791 3142 ut

227 3193 339 3228 cum·
385 3180 624 3234 Lambino
676 3185 875 3249 loquar,
953 3186 1194 3246 caecutit,
1267 3190 1319 3232 et
1375 3183 1442 3232 ita
1507 3184 1746 3244 caecutit,
1822 3187 1874 3229 ut
1922 3179 2146 3244 Lynceis
2198 3178 2357 3228 oculis
2429 3177 2524 3246 sibi
2584 3190 2790 3227 cernere

228 3258 470 3311 videatur.

2249 3344 2281 3389 2
